@book{IEEE-1363,
  author =       {{IEEE Std 1363-2000}},
  title =        {{IEEE} Standard Specifications for Public-Key Cryptography},
  address =      {New York},
  publisher =    {IEEE},
  year =         2000
}

@inproceedings{kocher99,
  author =       {C. Kocher and J. Jaffe and B. Jun},
  title =        {Differential Power Analysis},
  editor =       {M. Wiener},
  booktitle =    {Advances in Cryptology ({CRYPTO}~'99)},
  series =       {Lecture Notes in Computer Science},
  volume =       1666,
  pages =        {388-397},
  publisher =    {Springer-Verlag},
  month =        {August},
  year =         1999
}

@incollection{Krasnogor2004e,
  author =       {N. Krasnogor},
  title =        {Towards robust memetic algorithms},
  booktitle =    {Recent Advances in Memetic Algorithms},
  publisher =    {Springer Berlin Heidelberg},
  year =         2004,
  pages =        {185-207},
  editor =       {W.E. Hart and N. Krasnogor and J.E. Smith},
  volume =       166,
  series =       {Studies in Fuzziness and Soft Computing},
  address =      {New York},
}

@incollection{zjsw,
  author =       {班固},
  title =        {苏武传},
  booktitle =    {传记散文英华},
  publisher =    {湖北人民出版社},
  year =         1998,
  pages =        {65-69},
  editor =       {郑在瀛 and 汪超宏 and 周文复},
  volume =       2,
  series =       {新古文观止丛书},
  address =      {武汉},
  lang =         {zh},
}

@inbook{clzs,
  author =       {阎真},
  title =        {沧浪之水},
  chapter =      {大人物还是讲人情的},
  pages =        {185-207},
  publisher =    {人民文学出版社},
  year =         2001,
  lang =         {zh},
}

@book{tex,
  author =       "Donald E. Knuth",
  title =        "The {\TeX} Book",
  publisher =    "Addison-Wesley Publishing Company",
  address =      "Reading, MA",
  year =         1989,
  edition =      "15th",
}

@book{companion,
  author =       "Michel Goosens and Frank Mittelbach and Alexander Samarin",
  title =        "The {\LaTeX} Companion",
  publisher =    "Addison-Wesley Publishing Company",
  address =      "Reading, MA",
  PAGES =        "112--125",
  year =         1994,
}

@article{ELIDRISSI94,
  author =       "{Chafik El Idrissi}, M. and {Roney}, A. and {Frigon}, C. and
                  {Larzilli{\`e}re}, M.",
  title =        "Measurements of total kinetic-energy released to the {$N=2$}
                  dissociation limit of {H}$_2$ --- evidence of the dissociation
                  of very high vibrational {R}ydberg states of {H}$_2$ by
                  doubly-excited states",
  journal =      "Chemical Physics Letters",
  pages =        "260-266",
  volume =       224,
  number =       10,
  year =         1994,
}

@article{MELLINGER96,
  author =       "Mellinger, A. and Vidal, C. R. and Jungen, Ch.",
  title =        "Laser reduced fluorescence study of the carbon-monoxide nd
                  triplet {R}ydberg series-experimental results and multichannel
                  quantum-defect analysis",
  journal =      "J. Chem. Phys.",
  pages =        "8913-8921",
  volume =       104,
  number =       5,
  year =         1996,
}

@article{SHELL02,
  author =       "Michael Shell",
  title =        "How to Use the {IEEEtran \LaTeX} Class",
  journal =      "Journal of {\LaTeX} Class Files",
  year =         2002,
  volume =       12,
  number =       4,
  pages =        "100--120"
}

@TechReport{NPB2,
  title =        {The {NAS} Parallel Benchmarks 2.0},
  author =       {Alex Woo and David Bailey and Maurice Yarrow and Wijngaart
                  Wijngaart and Tim Harris and William Saphir},
  year =         1995,
  month =        dec # "~05",
  institution =  "The Pennsylvania State University CiteSeer Archives",
  url =          "http://www.nasa.org/"
}

@inproceedings{DPMG,
  author =       {Kim, Sangbum and Woo, Namyoon and Yeom, Heon Y. and Park,
                  Taesoon and Park, Hyoungwoo},
  title =        {Design and {I}mplementation of {D}ynamic {P}rocess
                  {M}anagement for {G}rid-enabled {MPICH}},
  booktitle =    {the 10th European PVM/MPI Users' Group Conference},
  year =         2003,
  address =      {Venice, Italy},
  month =        sep,
}

@inproceedings{cnproceed,
  author =       {王重阳 and 黄药师 and 欧阳峰 and 洪七公 and 段皇帝},
  title =        {武林高手从入门到精通},
  booktitle =    {第~$N$~次华山论剑},
  year =         2006,
  address =      {西安, 中国},
  month =        sep,
  lang =         "zh",
}

@article{cnarticle,
  author =       "贾宝玉 and 林黛玉 and 薛宝钗 and 贾探春",
  title =        "论刘姥姥食量大如牛之现实意义",
  journal =      "红楼梦杂谈",
  pages =        "260--266",
  volume =       224,
  year =         1800,
  lang =         "zh",
}

@mastersthesis{zhubajie,
  author =       {猪八戒},
  title =        {论流体食物的持久保存},
  school =       {广寒宫大学},
  year =         2005,
  address =      {北京},
  lang =         "zh",
}

@phdthesis{shaheshang,
  author =       {沙和尚},
  title =        {论流沙河的综合治理},
  school =       {清华大学},
  year =         2005,
  address =      {北京},
  lang =         "zh",
}

@mastersthesis{metamori2004,
  author =       {Ashwin Raju Jeyakumar},
  title =        {Metamori: A library for Incremental File Checkpointing},
  school =       {Virgina Tech},
  year =         2004,
  month =        jun # "~21",
  address =      {Blacksburg},
}

@phdthesis{FistSystem01,
  author =       "Erez Zadok",
  title =        "{FiST: A System for Stackable File System Code Generation}",
  year =         2001,
  month =        "May",
  school =       "Computer Science Department, Columbia University",
  address =      "USA"
}

@inbook{ColdSources,
  author =       {P. Gr{\"o}ning and L. Nilsson and P. Ruffieux and R.
                  Clergereaux and O. Gr{\"o}ning},
  title =        {Encyclopedia of Nanoscience and Nanotechnology},
  pages =        {547--579},
  publisher =    {American Scientific Publishers},
  year =         2004,
  volume =       1,
}

@online{chuban2001,
  author =      {萧钰},
  title =       {出版业信息化迈入快车道},
  modifydate =  {2001-12-19},
  citedate =    {2002-04-15},
  url =         {http://www.creader.com/news/200112190019.htm},
  lang =        {zh},
}

@online{oclc2000,
  author =      {{Online Computer Library Center, Inc.}},
  title =       {History of {OCLC}},
  citedate =    {2000-01-08},
  url =         {http://www.oclc.org/about/history/default.htm},
}


@online{thuthesis,
  author =      {薛瑞尼},
  title =       {\thuthesis: 清华大学学位论文模板},
  citedate =    {2017-12-02},
  url =         {https://github.com/xueruini/thuthesis},
  lang =        {zh},
  year =        2017,
}


@online{seismoscopewiki,
  author =      {百度百科},
  title =       {地动仪},
  citedate =    {2018-01-28},
  url =         {https://baike.baidu.com/item/%E5%9C%B0%E5%8A%A8%E4%BB%AA},
  lang =         "zh",
}

@article{hsiao2009review,
  title={THE REVIEW OF RECONSTRUCTION DESIGNS OF ZHANG HENG'S SEISMOSCOPE},
  author={Hsiao, Kuo-Hung and Hong-Sen, YAN},
  journal={Journal of Japan Association for Earthquake Engineering},
  volume={9},
  number={4},
  pages={4\_1--4\_10},
  year={2009},
  publisher={Japan Association for Earthquake Engineering}
}

@string{jcp   = "J.~Comput.~Phys."}
@string{mwr   = "Mon.~Wea.~Rev."}
@string{sisc  = "SIAM~J.~Sci.~Comput."}
@string{simax = "SIAM J.~Matrix~Anal.~Appl."}
@string{sinum = "SIAM~J.~Numer.~Anal."}
@string{sissc = "SIAM~J.~Sci.~Statist.~Comput."}
@string{toms  = "ACM~T.~Math.~Software"}
@string{ijnmf = "Int.~J.~Numer.~Methods~Fluids"}
@string{ijnme = "Int.~J.~Numer.~Methods~Engrg."}
@string{mc    = "Math. Comp."}
@string{nm    = "Numer.~Math."}
@string{anm   = "Appl.~Numer.~Math."}
@string{qjrms = "Q.~J.~R.~Meteorol.~Soc."}
@string{jcam  = "J.~Comput.~Appl.~Math."}
@string{cmame  = "Comput.~Methods~Appl.~Mech.~Engrg."}
@string{dcdssa = "Discrete~Cont.~Dyn.~Syst.~Ser.~A"}
@string{cms    = "Comput.~Mater.~Sci."}
@string{msmse  = "Modell.~Simul.~Mater.~Sci.~Engrg."}
@string{cossms = "Curr.~Opin.~Solid~St.~Mater.~Sci."}
@string{jpcs   = "J.~Phys.:~Conf.~Ser."}
@string{cicp   = "Commun.~Comput.~Phys."}
@string{jsp    = "J.~Statist.~Phys."}
@string{prb    = "Phys.~Rev.~B"}
@string{pre    = "Phys.~Rev.~E"}
@string{prl    = "Phys.~Rev.~Lett."}
@string{ap     = "Adv.~Phys."}

@string{cf     = "Comput.~Fluids"}
@string{jas    = "J.~Atmos.~Sci."}
@string{ag     = "Adv.~Geophys."}

@string{lncs   = "Lect.~Notes~Comput.~Sci."}
@string{lncse  = "Lect.~Notes~Comput.~Sci.~Engrg."}


@inproceedings{breuer2017edge,
  title={{EDGE: Extreme Scale Fused Seismic Simulations with the Discontinuous Galerkin Method}},
  author={Breuer, Alexander and Heinecke, Alexander and Cui, Yifeng},
  booktitle={International Supercomputing Conference},
  pages={41--60},
  year={2017},
  organization={Springer}
}

@inproceedings{rietmann2012forward,
  title={Forward and adjoint simulations of seismic wave propagation on emerging large-scale GPU architectures},
  author={Rietmann, Max and Messmer, Peter and Nissen-Meyer, Tarje and Peter, Daniel and Basini, Piero and Komatitsch, Dimitri and Schenk, Olaf and Tromp, Jeroen and Boschi, Lapo and Giardini, Domenico},
  booktitle={Proceedings of the International Conference on High Performance Computing, Networking, Storage and Analysis},
  pages={38},
  year={2012},
  organization={IEEE Computer Society Press}
}


@inproceedings{carrington2008high,
  title={High-frequency simulations of global seismic wave propagation using SPECFEM3D\_GLOBE on 62K processors},
  author={Carrington, Laura and Komatitsch, Dimitri and Laurenzano, Michael and Tikir, Mustafa M and Mich{\'e}a, David and Le Goff, Nicolas and Snavely, Allan and Tromp, Jeroen},
  booktitle={Proceedings of the 2008 ACM/IEEE conference on Supercomputing},
  pages={60},
  year={2008},
  organization={IEEE Press}
}


@inproceedings{bao1996earthquake,
  title={Earthquake ground motion modeling on parallel computers},
  author={Bao, Hesheng and Bielak, Jacobo and Ghattas, Omar and Kallivokas, Loukas F and O'hallaron, David R and Shewchuk, Jonathan R and Xu, Jifeng},
  booktitle={Proceedings of the 1996 ACM/IEEE conference on Supercomputing},
  pages={13},
  year={1996},
  organization={IEEE Computer Society}
}

@book{milne1886earthquakes,
  title={Earthquakes and other earth movements},
  author={Milne, John},
  volume={56},
  year={1886},
  publisher={D. Appleton}
}

@book{stein2009introduction,
  title={An introduction to seismology, earthquakes, and earth structure},
  author={Stein, Seth and Wysession, Michael},
  year={2009},
  publisher={John Wiley \& Sons}
}

% added by Zhang, Zhenguo, Mar 30, 2017


@article{zhang_three_2014,
  title = {Three dimensional curved grid finite-difference method modelling for non-planar rupture dynamics},
  volume = {199},
  number = {2},
  journal = {Geophys. J. Int.},
  doi = {doi: 10.1093/gji/ggu308},
  author = {Zhang, Zhenguo and Zhang, W and Chen, Xiaofei},
  year = {2014},
  pages = {860--879}
}
@article{zhang_rupture_2017,
  title = {Rupture dynamics and ground motion from potential earthquakes around {Taiyuan, China}},
  volume = {},
  number = {},
  journal = {Bull. Seismol. Soc. Am.},
  author = {Zhang, Zhenguo and Zhang, W and Chen, Xiaofei and Li, Ping'en and Fu, Changhua},
  year = {2017},
  pages = {accepted}
}


@article{harris_scec/usgs_2009,
  title = {The {SCEC}/{USGS} dynamic earthquake rupture code verification exercise},
  volume = {80},
  issn = {0895-0695},
    doi = {10.1785/gssrl.80.1.119},
  number = {1},
  journal = {Seismol. Res. Lett.},
  author = {Harris, R. A. and Barall, M. and Archuleta, R. and Dunham, E. and Aagaard, B. and Ampuero, J. P. and Bhat, H. and Cruz-Atienza, V. and Dalguer, L. and Dawson, P. and Day, S. and Duan, B. and Ely, G. P and Kaneko, Y. and Kase, Y. and Lapusta, N. and Liu, Y. and Ma, S. and Oglesby, D. and Olsen, K. and Pitarka, A. and Song, S. and Templeton, E.},
  year = {2009},
  pages = {119--126}
}

@techreport{hixon_evaluation_1997,
  type = {{NASA} Contractor Report},
  title = {Evaluation of a high-accuracy {MacCormack-type} scheme using benchmark problems},
  number = {202324},
  institution = {National Aeronautics and Space Administration},
  author = {Hixon, R.},
  year = {1997}
}

@article{zhang_three_2012,
    title={Three-dimensional elastic wave numerical modelling in the presence of surface topography by a collocated-grid finite-difference method on curvilinear grids},
    author={Zhang, Wei and Zhang, Zhenguo and Chen, Xiaofei},
    journal={Geophys. J. Int.},
    volume={190},
    number={1},
    pages={358--378},
    year={2012},
    publisher={Wiley Online Library}
}

@ARTICLE{liu_seismogenic_2007,
   author = {Liu, Q. and Wang, J. and Chen, J. and Li, S. and Guo, B.},
    title = {Seismogenic Tectonic Environment of 1976 Great Tangshan Earthquake: Results from Dense Seismic Array Observations},
  journal = {Earth Science Frontiers},
     year = {2007},
   volume = {14},
    pages = {205-212},
      doi = {10.1016/S1872-5791(08)60012-3}
}

@article{GUO_new_2011,
    author = {Guo, Hui and Jiang, Wali and XIE Xinsheng},
    title = {New evidence for the distribution of surface rupture zone of the 1976 {Ms} 7.8 {Tangshan} earthquake},
    publisher = {Seismology and geology},
    year = {2011},
    journal = {Seismology and geology},
    volume = {33},
    number = {3},
    eid = {506},
    numpages = {18},
    pages = {506-524},
    doi = {10.3969/j.issn.0253-4967.2011.03.002}
}

@article{Qiu_discovery_2005,
    author = {Qiu, Zehua and Ma, Jin and Liu Guoxi},
    title = {Discovery of the great fault of the {Tangshan} earthquake},
    year = {2005},
    journal = {Seismology and geology},
    volume = {27},
    number = {4},
    pages = {669-677},
    doi = {}
}


@phdthesis{olsen1994simulation,
  title={Simulation of three-dimensional wave propagation in the Salt Lake Basin},
  author={Olsen, Kim Bak},
  year={1994},
  school={Dept. of Geology and Geophysics, University of Utah}
}

@article{fu2016sunway,
  title={The Sunway TaihuLight supercomputer: system and applications},
  author={Fu, Haohuan and Liao, Junfeng and Yang, Jinzhe and Wang, Lanning and Song, Zhenya and Huang, Xiaomeng and Yang, Chao and Xue, Wei and Liu, Fangfang and Qiao, Fangli and others},
  journal={Science China Information Sciences},
  volume={59},
  number={7},
  pages={072001},
  year={2016},
  publisher={Springer}
}

@inproceedings{es-gb-2003,
  title={A 14.6 billion degrees of freedom, 5 teraflops, 2.5 terabyte earthquake simulation on the Earth Simulator},
  author={Komatitsch, Dimitri and Tsuboi, Seiji and Ji, Chen and Tromp, Jeroen},
  booktitle={Supercomputing, 2003 ACM/IEEE Conference},
  pages={4--4},
  year={2003},
  organization={IEEE}
}

@inproceedings{cui2007enabling,
  title={Enabling very-large scale earthquake simulations on parallel machines},
  author={Cui, Yifeng and Moore, Reagan and Olsen, Kim and Chourasia, Amit and Maechling, Philip and Minster, Bernard and Day, Steven and Hu, Yuanfang and Zhu, Jing and Majumdar, Amitava and others},
  booktitle={International Conference on Computational Science},
  pages={46--53},
  year={2007},
  organization={Springer}
}

@inproceedings{teragrid,
  title={The philosophy of TeraGrid: building an open, extensible, distributed TeraScale facility},
  author={Catlett, Charlie},
  booktitle={Cluster Computing and the Grid, 2002. 2nd IEEE/ACM International Symposium on},
  pages={8--8},
  year={2002},
  organization={IEEE}
}


@book{anderson1989theory,
  title={Theory of the Earth},
  author={Anderson, Don L},
  year={1989},
  publisher={Blackwell scientific publications}
}

@inproceedings{cui2010scalable,
  title={Scalable earthquake simulation on petascale supercomputers},
  author={Cui, Yifeng and Olsen, Kim B and Jordan, Thomas H and Lee, Kwangyoon and Zhou, Jun and Small, Patrick and Roten, Daniel and Ely, Geoffrey and Panda, Dhabaleswar K and Chourasia, Amit and others},
  booktitle={High Performance Computing, Networking, Storage and Analysis (SC), 2010 International Conference for},
  pages={1--20},
  year={2010},
  organization={IEEE}
}

@inproceedings{cui2013physics,
  title={Physics-based seismic hazard analysis on petascale heterogeneous supercomputers},
  author={Cui, Yifeng and Poyraz, Efecan and Olsen, Kim B and Zhou, Jun and Withers, Kyle and Callaghan, Scott and Larkin, Jeff and Guest, C and Choi, D and Chourasia, Amit and others},
  booktitle={Proceedings of the International Conference on High Performance Computing, Networking, Storage and Analysis},
  pages={70},
  year={2013},
  organization={ACM}
}

@inproceedings{roten2016high,
  title={High-frequency nonlinear earthquake simulations on petascale heterogeneous supercomputers},
  author={Roten, Daniel and Cui, Yifeng and Olsen, Kim B and Day, Steven M and Withers, Kyle and Savran, William H and Wang, Peng and Mu, Dawei},
  booktitle={Proceedings of the International Conference for High Performance Computing, Networking, Storage and Analysis},
  pages={82},
  year={2016},
  organization={IEEE Press}
}

@inproceedings{tianhe2-2014gb,
  title={Petascale high order dynamic rupture earthquake simulations on heterogeneous supercomputers},
  author={Heinecke, Alexander and Breuer, Alexander and Rettenberger, Sebastian and Bader, Michael and Gabriel, Alice-Agnes and Pelties, Christian and Bode, Arndt and Barth, William and Liao, Xiang-Ke and Vaidyanathan, Karthikeyan and others},
  booktitle={Proceedings of the International Conference for High Performance Computing, Networking, Storage and Analysis},
  pages={3--14},
  year={2014},
  organization={IEEE Press}
}

@inproceedings{ichimura2015implicit,
  title={Implicit nonlinear wave simulation with 1.08 T DOF and 0.270 T unstructured finite elements to enhance comprehensive earthquake simulation},
  author={Ichimura, Tsuyoshi and Fujita, Kohei and Quinay, Pher Errol Balde and Maddegedara, Lalith and Hori, Muneo and Tanaka, Seizo and Shizawa, Yoshihisa and Kobayashi, Hiroshi and Minami, Kazuo},
  booktitle={Proceedings of the International Conference for High Performance Computing, Networking, Storage and Analysis},
  pages={4},
  year={2015},
  organization={ACM}
}

@inproceedings{ichimura2014physics,
  title={Physics-based urban earthquake simulation enhanced by 10.7 BlnDOF$\times$ 30 K time-step unstructured FE non-linear seismic wave simulation},
  author={Ichimura, Tsuyoshi and Fujita, Kohei and Tanaka, Seizo and Hori, Muneo and Lalith, Maddegedara and Shizawa, Yoshihisa and Kobayashi, Hiroshi},
  booktitle={Proceedings of the International Conference for High Performance Computing, Networking, Storage and Analysis},
  pages={15--26},
  year={2014},
  organization={IEEE Press}
}


@article{Atlas2011A,
  title={A Cross-calibrated, Multiplatform Ocean Surface Wind Velocity Product for Meteorological and Oceanographic Applications},
  author={Atlas, Robert and Hoffman, Ross N. and Ardizzone, Joseph and Leidner, S. Mark and Jusem, Juan Carlos and Smith, Deborah K. and Gombos, Daniel},
  journal={Bulletin of the American Meteorological Society},
  volume={92},
  number={2},
  pages={157-174},
  year={2011},
}

@article{Yang2005MASNUM,
 title={MASNUM ocean wave numerical model in spherical coordinates and its application},
 author={Zeng, Yang Yong and Li, Qiao Fang and Wei, Zhao and Yong, Teng and Li, Yuan Ye},
 journal={Acta Oceanologica Sinica},
 volume={27},
 number={2},
 pages={1-7},
 year={2005},
}

@article{ullrich12mwr,
  title={Operator-split Runge-Kutta-Rosenbrock methods for nonhydrostatic atmospheric models},
  author={Ullrich, Paul and Jablonowski, Christiane},
  journal={Monthly Weather Review},
  volume={140},
  number={4},
  pages={1257--1284},
  year={2012}
};

@book{lncse80,
    editor = {P. H. Lauritzen and C. Jablonowski and M. A. Taylor and R. D. Nair},
    title = {Numerical Techniques for Global Atmospheric Models},
    year = 2011,
    publisher = {Springer},
};

@article{ogura62jas,
  title={Scale analysis of deep and shallow convection in the atmosphere},
  author={Ogura, Yoshimitsu and Phillips, Norman A},
  journal={Journal of the atmospheric sciences},
  volume={19},
  number={2},
  pages={173--179},
  year={1962}
};


@article{sunway-processor,
  author = {Zheng, Fang and Li, Hong-Liang and Lv, Hui and Guo, Feng and Xu, Xiao-Hong and Xie, Xiang-Hui},
  journal = {J. Comput. Sci. Technol.},
  number = 1,
  pages = {145-162},
  title = {Cooperative Computing Techniques for a Deeply Fused and Heterogeneous Many-Core Processor Architecture.},
  volume = 30,
  year = 2015
};


@article{cesm,
  title={{The community earth system model: a framework for collaborative research}},
  author={Hurrell, James W and Holland, Marika M and Gent, Peter R and Ghan, S and Kay, Jennifer E and Kushner, PJ and Lamarque, J-F and Large, William G and Lawrence, D and Lindsay, Keith and others},
  journal={Bulletin of the American Meteorological Society},
  volume={94},
  number={9},
  pages={1339--1360},
  year={2013},
  publisher={American Meteorological Society}
};

@inproceedings{nim-gpu,
author={M. Govett and J. Middlecoff and T. Henderson},
booktitle={Accelerator Programming using Directives (WACCPD), 2014 First Workshop on},
title={{Directive-Based Parallelization of the NIM Weather Model for GPUs}},
year={2014},
pages={55-61},
month={Nov},
};

@article{cosmo-gpu,
  title={{A review of the challenges and results of refactoring the community climate code COSMO for hybrid Cray HPC systems}},
  author={Cumming, Ben and Osuna, Carlos and Gysi, T and Bianco, Mauro and Lapillonne, Xavier and Fuhrer, Oliver and Schulthess, Thomas C},
  journal={Proceedings of Cray User Group},
  year={2013}
};

@techreport{cam5,
  title = {{Description of the NCAR Community Atmosphere Model (CAM 5.0)}},
  author = {R. B. Neale and et al.},
  number = {Note NCAR/TN-4861STR},
  file = {Available at http://www.cesm.ucar.edu/models/cesm1.0/cam/},
  institution = {Natl.Cent. for Atmos. Res.},
  address = {Boulder, Colo.},
};

@inproceedings{rose2011,
title={{The ROSE Source-to-Source Compiler Infrastructure}},
author={Dan Quinlan and Chunhua Liao},
booktitle={Cetus Users and Compiler Infrastructure Workshop, in conjunction with PACT 2011},
year={2011},
month={October}
};

@article{parallel-climate-model,
  author = {J. Drake and I. Foster and J. Michalakes and B. Toonen and P. Worley},
  title = {{Design and Performance of a Scalable Parallel Community Climate Model}},
  journal = {Parallel Computing},
  vol = {21},
  pages = {1571-1591},
  year = {1995}
};


@INPROCEEDINGS{atmospheric-earth-simulator-2002,
    author = {Satoru Shingu and Hiroshi Takahara and Hiromitsu Fuchigami and Masayuki Yamada Yoshinori Tsuda and Masayuki Yamada and Yoshinori Tsuda and et. al.},
    title = {{A 26.58 Tflops Global Atmospheric Simulation with the Spectral Transform Method on the Earth Simulator}},
    booktitle = {In Proceedings of the ACM / IEEE Supercomputing SC’2002 conference},
    year = {2002}
};

@INPROCEEDINGS{tsubame-weather-2010,
author={Shimokawabe, T. and Aoki, T. and Muroi, C. and Ishida, J. and Kawano, K. and Endo, T. and et. al.},
booktitle={High Performance Computing, Networking, Storage and Analysis (SC), 2010 International Conference for},
title={{An 80-Fold Speedup, 15.0 TFlops Full GPU Acceleration of Non-Hydrostatic Weather Model ASUCA Production Code}},
year={2010},
month={Nov},
pages={1-11}
};

@INPROCEEDINGS{gpu-wrf,
author={Michalakes, J. and Vachharajani, M.},
booktitle={Parallel and Distributed Processing, 2008. IPDPS 2008. IEEE International Symposium on},
title={{GPU acceleration of numerical weather prediction}},
year={2008},
month={April},
pages={1-7},
};

@INPROCEEDINGS{wrf-nature-run,
author={Michalakes, J. and Hacker, Josh and Loft, Richard and McCracken, Michael O. and Snavely, A. and Wright, N.J. and et. al.},
booktitle={Supercomputing, 2007. SC '07. Proceedings of the 2007 ACM/IEEE Conference on},
title={{WRF nature run}},
year={2007},
month={Nov},
pages={1-6},
};

@article{cesm-dennis,
author = {Dennis, John M. and Vertenstein, Mariana and Worley, Patrick H. and Mirin, Arthur A. and Craig, Anthony P. and Jacob, Robert and et. al.},
title = {{Computational performance of ultra-high-resolution capability in the Community Earth System Model}},
volume = {26},
number = {1},
pages = {5-16},
year = {2012},
journal = {International Journal of High Performance Computing Applications}
};

@article {super-parameterization,
author = {Li, Fuyu and Rosa, Daniele and Collins, William D. and Wehner, Michael F.},
title = {{"Super-parameterization": A better way to simulate regional extreme precipitation?}},
journal = {Journal of Advances in Modeling Earth Systems},
volume = {4},
number = {2},
year = {2012},
};

@article{xw-ensemble,
year={2014},
journal={Climate Dynamics},
title={{How much of the NAO monthly variability is from ocean–atmospheric coupling: results from an interactive ensemble climate model}},
author={Xin, Xiaoge and Xue, Wei and Zhang, Minghua and Li, Huimin and Zhang, Tao and Zhang, Jie},
pages={1-10},
};

@article{tianhe-1A,
year={2011},
journal={Journal of Computer Science and Technology},
volume={26},
number={3},
title={{The TianHe-1A Supercomputer: Its Hardware and Software}},
author={Yang, Xue-Jun and Liao, Xiang-Ke and Lu, Kai and Hu, Qing-Feng and Song, Jun-Qiang and Su, Jin-Shu},
pages={344-351},
};

@INPROCEEDINGS{microsoft-fpga,
author={Putnam, A. and Caulfield, A.M. and Chung, E.S. and Chiou, D. and Constantinides, K. and Demme, J. and et. al.},
booktitle={Computer Architecture (ISCA), 2014 ACM/IEEE 41st International Symposium on},
title={{A reconfigurable fabric for accelerating large-scale datacenter services}},
year={2014},
month={June},
pages={13-24},
};

@article{ppopp-2013,
 author = {Yang, Chao and Xue, Wei and Fu, Haohuan and Gan, Lin and Li, Linfeng and Xu, Yangtong and et. al.},
 title = {{A Peta-scalable CPU-GPU Algorithm for Global Atmospheric Simulations}},
 journal = {SIGPLAN Not.},
 volume = {48},
 number = {8},
 year = {2013},
 pages = {1--12},
};

@INPROCEEDINGS{fpl-2013,
author={Lin Gan and Haohuan Fu and Luk, W. and Chao Yang and Wei Xue and Xiaomeng Huang and et. al.},
booktitle={Field Programmable Logic and Applications (FPL), 2013 23rd International Conference on},
title={{Accelerating solvers for global atmospheric equations through mixed-precision data flow engine}},
year={2013},
month={Sept},
pages={1-6},
};

@INPROCEEDINGS{fpl-2014,
author={Lin Gan and Haohuan Fu and Chao Yang and Luk, W. and Wei Xue and Mencer, O. and et. al.},
booktitle={Field Programmable Logic and Applications (FPL), 2014 24th International Conference on},
title={{A highly-efficient and green data flow engine for solving euler atmospheric equations}},
year={2014},
pages={1-6},
};

@INPROCEEDINGS{ipdps-2014,
author={Wei Xue and Chao Yang and Haohuan Fu and Xinliang Wang and Yangtong Xu and Lin Gan and et. al.},
booktitle={Parallel and Distributed Processing Symposium, 2014 IEEE 28th International},
title={{Enabling and Scaling a Global Shallow-Water Atmospheric Model on Tianhe-2}},
year={2014},
month={May},
pages={745-754},
};

@ARTICLE{tc-2014,
author={Xue, W. and Ranjan, R. and Wang, L.},
journal={Computers, IEEE Transactions on},
title={{Ultra-scalable CPU-MIC Acceleration of Mesoscale Atmospheric Modeling on Tianhe-2}},
year={2014},
volume={PP},
number={99},
pages={1-1},
};

@article{tianhe-2,
year={2014},
journal={Frontiers of Computer Science},
volume={8},
number={3},
title={{MilkyWay-2 supercomputer: system and application}},
author={Liao, Xiangke and Xiao, Liquan and Yang, Canqun and Lu, Yutong},
pages={345-356}
};

@article{cam-se-gpu,
author = {Carpenter, I. and Archibald, R.K. and Evans, K.J. and Larkin, J. and Micikevicius, P. and Norman, M. and et. al.},
title = {{Progress towards accelerating HOMME on hybrid multi-core systems}},
volume = {27},
number = {3},
pages = {335-347},
year = {2013},
journal = {International Journal of High Performance Computing Applications}
};

@INPROCEEDINGS{nicam-gpu,
year={2013},
booktitle={Euro-Par 2012: Parallel Processing Workshops},
volume={7640},
series={Lecture Notes in Computer Science},
title={{Multi-GPU Implementation of the NICAM Atmospheric Model}},
author={Demeshko, Irina and Maruyama, Naoya and Tomita, Hirofumi and Matsuoka, Satoshi},
pages={175-184},
};

@article{cam-gpu-2010,
   author = "Kelly, Rory",
   title = {{GPU Computing for Atmospheric Modeling}},
   journal = "Computing in Science and Engineering",
   year = "2010",
   volume = "12",
   number = "4",
   pages = "26-33"
};


@INPROCEEDINGS{wrf-gpu-kinetics,
author={Linford, J.C. and Michalakes, J. and Vachharajani, M. and Sandu, A.},
booktitle={High Performance Computing Networking, Storage and Analysis, Proceedings of the Conference on},
title={{Multi-core acceleration of chemical kinetics for simulation and prediction}},
year={2009},
month={Nov},
pages={1-11},
};

@INPROCEEDINGS{nim-gpu,
author={Govett, M. and Middlecoff, J. and Henderson, T.},
booktitle={Cluster, Cloud and Grid Computing (CCGrid), 2010 10th IEEE/ACM International Conference on},
title={{Running the NIM Next-Generation Weather Model on GPUs}},
year={2010},
month={May},
pages={792-796},
};

@article{hirlam-gpu,
author = {Vu, V.T. and Cats, G. and Wolters, L.},
title = {{Graphics processing unit optimizations for the dynamics of the HIRLAM weather forecast model}},
journal = {Concurrency and Computation: Practice and Experience},
volume = {25},
number = {10},
pages = {1376--1393},
year = {2013},
};

@article{wrf-cloud-gpu,
title = {{Compute unified device architecture (CUDA)-based parallelization of WRF Kessler cloud microphysics scheme }},
journal = "Computers and Geosciences ",
volume = "52",
number = "0",
pages = "292 - 299",
year = "2013",
author = "Jarno Mielikainen and Bormin Huang and Jun Wang and H.-L. Allen Huang and Mitchell D. Goldberg",
};

@INPROCEEDINGS{grapes-gpu,
author={Zhuowei Wang and Xianbin Xu and Naixue Xiong and Yang, L.T. and Wuqing Zhao},
booktitle={High Performance Computing and Communications (HPCC), 2011 IEEE 13th International Conference on},
title={{GPU Acceleration for GRAPES Meteorological Model}},
year={2011},
month={Sept},
pages={365-372},
};

@article{grapes-microphysics-gpu,
title = {{GPU acceleration of the WSM6 cloud microphysics scheme in GRAPES model}},
journal = "Computers and Geosciences ",
volume = "59",
number = "0",
pages = "156 - 162",
year = "2013",
author = "Huadong Xiao and Jing Sun and Xiaofeng Bian and Zhijun Dai",
};

@Article{gpu-pom,
AUTHOR = {Xu, S. and Huang, X. and Zhang, Y. and Fu, H. and Oey, L.-Y. and Xu, F. and et. al.},
TITLE = {{gpuPOM: a GPU-based Princeton Ocean Model}},
JOURNAL = {Geoscientific Model Development Discussions},
VOLUME = {7},
YEAR = {2014},
NUMBER = {6},
PAGES = {7651--7691},
};

@inproceedings{mic-tufo,
author = {Voran, T. and Garcia, J. and Tufo, H.},
title = {{Evaluating Intel's many integrated core architecture for climate science}},
booktitle = {Proceedings of TACC-Intel highly parallel computing symposium},
pages = {},
year = {2012},
}；

@inproceedings{smith2005,
  title={{Accelerating scientific applications with the SRC-6 reconfigurable computer: Methodologies and analysis}},
  author={Smith, Melissa C and Vetter, Jeffrey S and Liang, Xuejun},
  booktitle={Parallel and Distributed Processing Symposium, 2005. Proceedings. 19th IEEE International},
  pages={157b--157b},
  year={2005},
  organization={IEEE}
};

@book{wilhelm2012,
      author = {Wilhelm, Florian},
      title = {{Parallel Preconditioners for an Ocean Model in Climate Simulations}},
      school = {Engineering Mathematics and Computing Lab (EMCL) -- Karlsruhe Institute of Technology (KIT)},
      year = {2012}
};


@inproceedings{diego,
  title={{Acceleration of a meteorological limited area model with dataflow engines}},
  author={Oriato, Diego and Tilbury, Simon and Marrocu, Marino and Pusceddu, Gabriella},
  booktitle={Application Accelerators in High Performance Computing (SAAHPC), 2012 Symposium on},
  pages={129--132},
  year={2012},
  organization={IEEE}
};

@article{cam-se,
author = {Dennis, John M. and Edwards, Jim and Evans, Katherine J. and Guba, Oksana and Lauritzen, Peter H. and Mirin, Arthur A. and et. al.},
title = {{CAM-SE: A scalable spectral element dynamical core for the Community Atmosphere Model}},
volume = {26},
number = {1},
pages = {74-89},
year = {2012},
journal = {International Journal of High Performance Computing Applications}
};


@article{cm3,
Author = {Donner, Leo J. and Wyman, Bruce L. and Hemler, Richard S. and Horowitz, Larry W. and Ming, Yi and Zhao, Ming and et. al.},
Journal = {Journal of Climate},
Number = {13},
Pages = {3484--3519},
Title = {{The Dynamical Core, Physical Parameterizations, and Basic Simulation Characteristics of the Atmospheric Component AM3 of the GFDL Global Coupled Model CM3}},
Volume = {24},
Year = {2011},
};



@inproceedings{datta2008stencil,
  title={{Stencil computation optimization and auto-tuning on state-of-the-art multicore architectures}},
  author={Datta, Kaushik and Murphy, Mark and Volkov, Vasily and Williams, Samuel and Carter, Jonathan and Oliker, Leonid and et. al.},
  booktitle={Proceedings of SC 2008},
  pages={4},
  year={2008},
  organization={IEEE Press}
};

@inproceedings{cuda_paulius,
    author = {Paulius Micikevicius},
    title = {{3D Finite Difference Computation on GPUs using CUDA}},
    booktitle = {Proc. 2nd Workshop on General Purpose Processing on Graphic Processing Units},
    year = {2009},
    pages = {79-84}
};

@article{maxeler,
  title={{Maximum Performance Computing with Dataflow Engines}},
  author={Pell, O. and Averbukh, V.},
  journal={Computing in Science \& Engineering},
  pages={98--103},
  year={2012},
  publisher={Copublished by the IEEE CS and the AIP}
}

@article{ronchi1996cubed,
  title={{The “cubed sphere”: a new method for the solution of partial differential equations in spherical geometry}},
  author={Ronchi, C and Iacono, R and Paolucci, Pier S},
  journal={Journal of Computational Physics},
  volume={124},
  number={1},
  pages={93--114},
  year={1996},
  publisher={Elsevier}
}

@article{rossmanith2006wave,
  title={{A wave propagation method for hyperbolic systems on the sphere}},
  author={Rossmanith, James A},
  journal={Journal of Computational Physics},
  volume={213},
  number={2},
  pages={629--658},
  year={2006},
  publisher={Elsevier}
}


@article{osher1983upwind,
  title={Upwind schemes and boundary conditions with applications to Euler equations in general geometries},
  author={Osher, Stanley and Chakravarthy, Sukumar},
  journal={Journal of Computational Physics},
  volume={50},
  number={3},
  pages={447--481},
  year={1983},
  publisher={Elsevier}
}

@article{gottlieb2001strong,
  title={Strong stability-preserving high-order time discretization methods},
  author={Gottlieb, Sigal and Shu, Chi-Wang and Tadmor, Eitan},
  journal={SIAM review},
  volume={43},
  number={1},
  pages={89--112},
  year={2001},
  publisher={SIAM}
}

@incollection{wienke2012openacc,
  title={OpenACC—first experiences with real-world applications},
  author={Wienke, Sandra and Springer, Paul and Terboven, Christian and an Mey, Dieter},
  booktitle={Euro-Par 2012 Parallel Processing},
  pages={859--870},
  year={2012},
  publisher={Springer}
}

@book{cook2012cuda,
  title={CUDA programming: a developer's guide to parallel computing with GPUs},
  author={Cook, Shane},
  year={2012},
  publisher={Newnes}
}

@article{gan2015solving,
  title={Solving the Global Atmospheric Equations through Heterogeneous Reconfigurable Platforms},
  author={Gan, Lin and Fu, Haohuan and Luk, Wayne and Yang, Chao and Xue, Wei and Huang, Xiaomeng and et. al.},
  journal={ACM Transactions on Reconfigurable Technology and Systems (TRETS)},
  volume={8},
  number={2},
  pages={11},
  year={2015},
  publisher={ACM}
}



@article{taborda2011large,
  title={Large-scale earthquake simulation: computational seismology and complex engineering systems},
  author={Taborda, Ricardo and Bielak, Jacobo},
  journal={Computing in Science \& Engineering},
  volume={13},
  number={4},
  pages={14--27},
  year={2011},
  publisher={IEEE}
}
@techreport{potlurioptimizing,
  title={Optimizing a Stencil-Based Application for Earthquake Modeling on Modern InfiniBand Clusters},
  author={Potluri, S and Lai, P and Tomko, K and Cui, Y and Tatineni, M and Schulz, K and Barth, W and Majumdar, A and Panda, D and Center, Ohio Supercomputer},
  institution={tech. rep., Ohio State University, 2009. OSU-CISRC-12/09}
}


@inproceedings{jin2013multi,
  title={A multi-level optimization method for stencil computation on the domain that is bigger than memory capacity of GPU},
  author={Jin, Guanghao and Endo, Toshio and Matsuoka, Satoshi},
  booktitle={Parallel and Distributed Processing Symposium Workshops \& PhD Forum (IPDPSW), 2013 IEEE 27th International},
  pages={1080--1087},
  year={2013},
  organization={IEEE}
}

@article{klimov2012software,
  title={Software Toolkit for Implementing Stencil Codes on Hybrid Supercomputers},
  author={Klimov, Yurii Andreevich and Orlov, Anton Yur'evich and Shvorin, Artem Borisovich},
  journal={Programmnye Sistemy: Teoriya i Prilozheniya},
  volume={3},
  number={2},
  pages={23--49},
  year={2012},
  publisher={Program Systems Institute of the Russian Academy of Sciences, Pereslavl'-Zalesskii}
}

@inproceedings{maruyama2011physis,
  title={Physis: an implicitly parallel programming model for stencil computations on large-scale GPU-accelerated supercomputers},
  author={Maruyama, Naoya and Nomura, Tatsuo and Sato, Kento and Matsuoka, Satoshi},
  booktitle={Proceedings of 2011 International Conference for High Performance Computing, Networking, Storage and Analysis},
  pages={11},
  year={2011},
  organization={ACM}
}

@article{zhang2014three,
  title={Three-dimensional curved grid finite-difference modelling for non-planar rupture dynamics},
  author={Zhang, Zhenguo and Zhang, Wei and Chen, Xiaofei},
  journal={Geophysical Journal International},
  volume={199},
  number={2},
  pages={860--879},
  year={2014},
  publisher={Oxford University Press}
}

@article{zhang2014complex,
  title={Complex frequency-shifted multi-axial perfectly matched layer for elastic wave modelling on curvilinear grids},
  author={Zhang, Zhenguo and Zhang, Wei and Chen, Xiaofei},
  journal={Geophysical Journal International},
  pages={ggu124},
  year={2014},
  publisher={Oxford University Press}
}

@article{zhang2013stable,
  title={Stable discontinuous grid implementation for collocated-grid finite-difference seismic wave modelling},
  author={Zhang, Zhenguo and Zhang, Wei and Li, Hong and Chen, Xiaofei},
  journal={Geophysical Journal International},
  volume={192},
  number={3},
  pages={1179--1188},
  year={2013},
  publisher={Oxford University Press}
}

@article{zhang2016supershear,
  title={The supershear effect of topography on rupture dynamics},
  author={Zhang, Zhenguo and Xu, Jiankuan and Chen, Xiaofei},
  journal={Geophysical Research Letters},
  year={2016},
  publisher={Wiley Online Library}
}

@article{zhang2012three,
  title={Three-dimensional elastic wave numerical modelling in the presence of surface topography by a collocated-grid finite-difference method on curvilinear grids},
  author={Zhang, Wei and Zhang, Zhenguo and Chen, Xiaofei},
  journal={Geophysical Journal International},
  volume={190},
  number={1},
  pages={358--378},
  year={2012},
  publisher={Oxford University Press}
}

@article{zhang2006traction,
  title={Traction image method for irregular free surface boundaries in finite difference seismic wave simulation},
  author={Zhang, Wei and Chen, Xiaofei},
  journal={Geophysical Journal International},
  volume={167},
  number={1},
  pages={337--353},
  year={2006},
  publisher={Oxford University Press}
}

@article{zhang2010unsplit,
  title={Unsplit complex frequency-shifted PML implementation using auxiliary differential equations for seismic wave modeling},
  author={Zhang, Wei and Shen, Yang},
  journal={Geophysics},
  volume={75},
  number={4},
  pages={T141--T154},
  year={2010},
  publisher={Society of Exploration Geophysicists}
}

@inproceedings{williams2006potential,
  title={The potential of the cell processor for scientific computing},
  author={Williams, Samuel and Shalf, John and Oliker, Leonid and Kamil, Shoaib and Husbands, Parry and Yelick, Katherine},
  booktitle={Proceedings of the 3rd conference on Computing frontiers},
  pages={9--20},
  year={2006},
  organization={ACM}
}

@inproceedings{nguyen20103,
  title={3.5-D blocking optimization for stencil computations on modern CPUs and GPUs},
  author={Nguyen, Anthony and Satish, Nadathur and Chhugani, Jatin and Kim, Changkyu and Dubey, Pradeep},
  booktitle={High Performance Computing, Networking, Storage and Analysis (SC), 2010 International Conference for},
  pages={1--13},
  year={2010},
  organization={IEEE}
}

@article{tarantola1984inversion,
  title={Inversion of seismic reflection data in the acoustic approximation},
  author={Tarantola, Albert},
  journal={Geophysics},
  volume={49},
  number={8},
  pages={1259--1266},
  year={1984},
  publisher={Society of Exploration Geophysicists}
}

@article{yushu,
  author =       {陈宇澍},
  title =        {地震波场正演与集合震源编码全波形反演算法},
  year =         2015,
  journal =       {博士学位论文},
}

@article{brossier2009seismic,
  title={Seismic imaging of complex onshore structures by 2D elastic frequency-domain full-waveform inversion},
  author={Brossier, Romain and Operto, St{\'e}phane and Virieux, Jean},
  journal={Geophysics},
  volume={74},
  number={6},
  pages={WCC105--WCC118},
  year={2009},
  publisher={Society of Exploration Geophysicists}
}

@article{castellanos2014fast,
  title={Fast full waveform inversion with source encoding and second-order optimization methods},
  author={Castellanos, Clara and M{\'e}tivier, Ludovic and Operto, St{\'e}phane and Brossier, Romain and Virieux, Jean},
  journal={Geophysical Journal International},
  volume={200},
  number={2},
  pages={720--744},
  year={2014},
  publisher={Oxford University Press}
}

@inproceedings{chavent1974identification,
  title={Identification of functional parameters in partial differential equations},
  author={Chavent, Guy},
  booktitle={Joint Automatic Control Conference},
  number={12},
  pages={155--156},
  year={1974}
}

@article{evensen2003ensemble,
  title={The ensemble Kalman filter: Theoretical formulation and practical implementation},
  author={Evensen, Geir},
  journal={Ocean dynamics},
  volume={53},
  number={4},
  pages={343--367},
  year={2003},
  publisher={Springer}
}

@article{krebs2009fast,
  title={Fast full-wavefield seismic inversion using encoded sources},
  author={Krebs, Jerome R and Anderson, John E and Hinkley, David and Neelamani, Ramesh and Lee, Sunwoong and Baumstein, Anatoly and Lacasse, Martin-Daniel},
  journal={Geophysics},
  volume={74},
  number={6},
  pages={WCC177--WCC188},
  year={2009},
  publisher={Society of Exploration Geophysicists}
}

@article{plessix2012full,
  title={Full waveform inversion and distance separated simultaneous sweeping: A study with a land seismic data set},
  author={Plessix, Ren{\'e}-{\'E}douard and Baeten, Guido and de Maag, Jan Willem and ten Kroode, Fons and Rujie, Zhang},
  journal={Geophysical Prospecting},
  volume={60},
  number={4},
  pages={733--747},
  year={2012},
  publisher={Wiley Online Library}
}

@inproceedings{sirgue2006importance,
  title={The importance of low frequency and large offset in waveform inversion},
  author={Sirgue, L},
  booktitle={68th EAGE Conference and Exhibition incorporating SPE EUROPEC 2006},
  year={2006}
}

@article{tarantola1982generalized,
  title={Generalized nonlinear inverse problems solved using the least squares criterion},
  author={Tarantola, Albert and Valette, Bernard},
  journal={Reviews of Geophysics},
  volume={20},
  number={2},
  pages={219--232},
  year={1982},
  publisher={Wiley Online Library}
}

@article{virieux2009overview,
  title={An overview of full-waveform inversion in exploration geophysics},
  author={Virieux, Jean and Operto, St{\'e}phane},
  journal={Geophysics},
  volume={74},
  number={6},
  pages={WCC1--WCC26},
  year={2009},
  publisher={Society of Exploration Geophysicists}
}

@inproceedings{he2015ensemble,
  title={Ensemble Full Wave Inversion with Source Encoding},
  author={He, C and Chen, Y and Fu, H and Yang, G},
  booktitle={77th EAGE Conference and Exhibition 2015},
  year={2015}
}

@inproceedings{fu2011eliminating,
  title={Eliminating the memory bottleneck: an FPGA-based solution for 3d reverse time migration},
  author={Fu, Haohuan and Clapp, Robert G},
  booktitle={Proceedings of the 19th ACM/SIGDA international symposium on Field programmable gate arrays},
  pages={65--74},
  year={2011},
  organization={ACM}
}

@article{zhang2013autogeneration,
  title={Autogeneration and autotuning of 3D stencil codes on homogeneous and heterogeneous GPU clusters},
  author={Zhang, Yongpeng and Mueller, Frank},
  journal={IEEE Transactions on Parallel and Distributed Systems},
  volume={24},
  number={3},
  pages={417--427},
  year={2013},
  publisher={IEEE}
}
@inproceedings{datta2008stencil,
  title={Stencil computation optimization and auto-tuning on state-of-the-art multicore architectures},
  author={Datta, Kaushik and Murphy, Mark and Volkov, Vasily and Williams, Samuel and Carter, Jonathan and Oliker, Leonid and Patterson, David and Shalf, John and Yelick, Katherine},
  booktitle={Proceedings of the 2008 ACM/IEEE conference on Supercomputing},
  pages={4},
  year={2008},
  organization={IEEE Press}
}

@article{datta2009optimization,
  title={Optimization and performance modeling of stencil computations on modern microprocessors},
  author={Datta, Kaushik and Kamil, Shoaib and Williams, Samuel and Oliker, Leonid and Shalf, John and Yelick, Katherine},
  journal={SIAM review},
  volume={51},
  number={1},
  pages={129--159},
  year={2009},
  publisher={SIAM}
}
@article{sellappa2004cache,
  title={Cache-efficient multigrid algorithms},
  author={Sellappa, Sriram and Chatterjee, Siddhartha},
  journal={The International Journal of High Performance Computing Applications},
  volume={18},
  number={1},
  pages={115--133},
  year={2004},
  publisher={Sage Publications}
}

@inproceedings{meng2009performance,
  title={Performance modeling and automatic ghost zone optimization for iterative stencil loops on GPUs},
  author={Meng, Jiayuan and Skadron, Kevin},
  booktitle={Proceedings of the 23rd international conference on Supercomputing},
  pages={256--265},
  year={2009},
  organization={ACM}
}

@inproceedings{micikevicius20093d,
  title={3D finite difference computation on GPUs using CUDA},
  author={Micikevicius, Paulius},
  booktitle={Proceedings of 2nd workshop on general purpose processing on graphics processing units},
  pages={79--84},
  year={2009},
  organization={ACM}
}

@article{liao2014milkyway,
  title={MilkyWay-2 supercomputer: system and application},
  author={Liao, Xiangke and Xiao, Liquan and Yang, Canqun and Lu, Yutong},
  journal={Frontiers of Computer Science},
  volume={8},
  number={3},
  pages={345--356},
  year={2014},
  publisher={Springer}
}

@inproceedings{bednar2002limited,
  title={Limited vs. full frequency wave-equation imaging},
  author={Bednar, J and Neale, GH and others},
  booktitle={2002 SEG Annual Meeting},
  year={2002},
  organization={Society of Exploration Geophysicists}
}

@inproceedings{stork2013eliminating,
  title={Eliminating nearly all dispersion error from FD modeling and RTM with minimal cost increase},
  author={Stork, Christof},
  booktitle={75th EAGE Conference \& Exhibition incorporating SPE EUROPEC 2013},
  year={2013}
}

@article{zhu2014modeling,
  title={Modeling acoustic wave propagation in heterogeneous attenuating media using decoupled fractional Laplacians},
  author={Zhu, Tieyuan and Harris, Jerry M},
  journal={Geophysics},
  volume={79},
  number={3},
  pages={T105--T116},
  year={2014},
  publisher={Society of Exploration Geophysicists}
}

@article{landau1986theory,
  title={Theory of Elasticity, vol. 7},
  author={Landau, Lev D and Lifshitz, EM},
  journal={Course of Theoretical Physics},
  volume={3},
  pages={109},
  year={1986},
  publisher={Elsevier, New York}
}

@inproceedings{shen2015image,
  title={Image-based Q tomography using reverse time Q migration},
  author={Shen, Yi and Zhu, Tieyuan and others},
  booktitle={2015 SEG Annual Meeting},
  year={2015},
  organization={Society of Exploration Geophysicists}
}

@article{trefethen1996finite,
  title={Finite difference and spectral methods for ordinary and partial differential equations},
  author={Trefethen, Lloyd Nicholas},
  year={1996},
  publisher={Cornell University-Department of Computer Science and Center for Applied Mathematics}
}

@article{courant1967partial,
  title={On the partial difference equations of mathematical physics},
  author={Courant, Richard and Friedrichs, Kurt and Lewy, Hans},
  journal={IBM journal of Research and Development},
  volume={11},
  number={2},
  pages={215--234},
  year={1967},
  publisher={IBM}
}

@article{kjartansson1980attenuation,
  title={Attenuation of seismic waves in rocks and applications in energy exploration},
  author={Kjartansson, Einar},
  year={1980}
}
@article{um1987fast,
  title={A fast algorithm for two-point seismic ray tracing},
  author={Um, Junho and Thurber, Clifford},
  journal={Bulletin of the Seismological Society of America},
  volume={77},
  number={3},
  pages={972--986},
  year={1987},
  publisher={The Seismological Society of America}
}
@article{berenger1994perfectly,
  title={A perfectly matched layer for the absorption of electromagnetic waves},
  author={Berenger, Jean-Pierre},
  journal={Journal of computational physics},
  volume={114},
  number={2},
  pages={185--200},
  year={1994},
  publisher={Elsevier}
}
@article{berenger1996three,
  title={Three-dimensional perfectly matched layer for the absorption of electromagnetic waves},
  author={Berenger, Jean-Pierre},
  journal={Journal of computational physics},
  volume={127},
  number={2},
  pages={363--379},
  year={1996},
  publisher={Elsevier}
}
@inproceedings{marcinkovich2002implementation,
  title={On the implementation of perfectly matched layers in a 3D fourth-order velocity-stress finite-difference scheme},
  author={Marcinkovich, Carey and Olsen, Kim B and Geophysik, G Mike and others},
  booktitle={2002 SEG Annual Meeting},
  year={2002},
  organization={Society of Exploration Geophysicists}
}
@article{cerjan1985nonreflecting,
  title={A nonreflecting boundary condition for discrete acoustic and elastic wave equations},
  author={Cerjan, Charles and Kosloff, Dan and Kosloff, Ronnie and Reshef, Moshe},
  journal={Geophysics},
  volume={50},
  number={4},
  pages={705--708},
  year={1985},
  publisher={Society of Exploration Geophysicists}
}
@article{gottschammer2001accuracy,
  title={Accuracy of the explicit planar free-surface boundary condition implemented in a fourth-order staggered-grid velocity-stress finite-difference scheme},
  author={Gottschammer, E and Olsen, KB},
  journal={Bulletin of the Seismological Society of America},
  volume={91},
  number={3},
  pages={617--623},
  year={2001},
  publisher={Seismological Society of America}
}
@article{jones2014scipy,
  title={$\{$SciPy$\}$: open source scientific tools for $\{$Python$\}$},
  author={Jones, Eric and Oliphant, Travis and Peterson, Pearu},
  year={2014}
}
@techreport{van2008fast,
  title={Fast half float conversions},
  author={Van Der Zijp, Jeroen},
  year={2008},
  institution={Working paper, 2012ftp://www. fox-toolkit. org/pub/fasthalffloatconversion. pdf}
}
@article{yang2011tianhe,
  title={The TianHe-1A supercomputer: its hardware and software},
  author={Yang, Xue-Jun and Liao, Xiang-Ke and Lu, Kai and Hu, Qing-Feng and Song, Jun-Qiang and Su, Jin-Shu},
  journal={Journal of computer science and technology},
  volume={26},
  number={3},
  pages={344--351},
  year={2011},
  publisher={Springer}
}
@article{buyya1999high,
  title={High Performance Cluster Computing: Architectures and Systems, Volume I},
  author={Buyya, Rajkumar},
  journal={Prentice Hall, Upper SaddleRiver, NJ, USA},
  volume={1},
  pages={999},
  year={1999}
}
@misc{nvidia2008programming,
  title={{Programming guide}},
  author={Nvidia, CUDA},
  year={2008}
}
@inproceedings{hong2010integrated,
  title={An integrated GPU power and performance model},
  author={Hong, Sunpyo and Kim, Hyesoon},
  booktitle={ACM SIGARCH Computer Architecture News},
  volume={38},
  number={3},
  pages={280--289},
  year={2010},
  organization={ACM}
}
@online{PIZDAINT,
  author =      {{Swiss National Supercomputing Centre}},
  title =       {PIZ DAINT},
  citedate =    {2018-03-18},
  url =         {https://www.cscs.ch/computers/dismissed/piz-daint-piz-dora/},
}
@article{shimpi2012inside,
  title={Inside the titan supercomputer: 299k amd x86 cores and 18.6 k nvidia gpus},
  author={Shimpi, Anand Lal and others},
  journal={AnandTech online computer hardware magazine, October},
  year={2012}
}
@book{jeffers2013intel,
  title={{Intel Xeon Phi coprocessor high-performance programming}},
  author={Jeffers, James and Reinders, James},
  year={2013},
  publisher={Newnes}
}
@online{Trinity,
  author =      {Top500 List},
  title =       {Trinity - Cray XC40, Intel Xeon Phi 7250 68C 1.4GHz, Aries interconnect},
  citedate =    {2018-03-18},
  url =         {https://www.top500.org/system/178610},
}
@article{doerfler2018evaluating,
  title={Evaluating the networking characteristics of the Cray XC-40 Intel Knights Landing-based Cori supercomputer at NERSC},
  author={Doerfler, Douglas and Austin, Brian and Cook, Brandon and Deslippe, Jack and Kandalla, Krishna and Mendygral, Peter},
  journal={Concurrency and Computation: Practice and Experience},
  volume={30},
  number={1},
  year={2018},
  publisher={Wiley Online Library}
}
@inproceedings{elbirt2000fpga,
  title={{An FPGA implementation and performance evaluation of the serpent block cipher}},
  author={Elbirt, Adam J and Paar, Christof},
  booktitle={Proceedings of the 2000 ACM/SIGDA eighth international symposium on Field programmable gate arrays},
  pages={33--40},
  year={2000},
  organization={ACM}
}


@inproceedings{hauser1997garp,
  title={{Garp: A MIPS processor with a reconfigurable coprocessor}},
  author={Hauser, John R and Wawrzynek, John},
  booktitle={Field-Programmable Custom Computing Machines, 1997. Proceedings., The 5th Annual IEEE Symposium on},
  pages={12--21},
  year={1997},
  organization={IEEE}
}


@inproceedings{leung2000fpga,
  title={{FPGA implementation of a microcoded elliptic curve cryptographic processor}},
  author={Leung, KH and Ma, KW and Wong, Wai Keung and Leong, Philip Heng Wai},
  booktitle={Field-Programmable Custom Computing Machines, 2000 IEEE Symposium on},
  pages={68--76},
  year={2000},
  organization={IEEE}
}
% This file was created with JabRef 2.10.
% Encoding: UTF8

@article{araya2011assessing,
  title={Assessing accelerator-based HPC reverse time migration},
  author={Araya-Polo, Mauricio and Cabezas, Javier and Hanzich, Mauricio and Pericas, Miquel and Rubio, Fulix and Gelado, Isaac and Shafiq, Muhammad and Morancho, Enric and Navarro, Nacho and Ayguade, Eduard and others},
  journal={Parallel and Distributed Systems, IEEE Transactions on},
  volume={22},
  number={1},
  pages={147--162},
  year={2011},
  publisher={IEEE}
}


@inproceedings{hatazaki2011tsubame,
  title={{Tsubame-2-a 2.4 PFLOPS peak performance system}},
  author={Hatazaki, Takao},
  booktitle={Optical Fiber Communication Conference and Exposition (OFC/NFOEC), 2011 and the National Fiber Optic Engineers Conference},
  pages={1--3},
  year={2011},
  organization={IEEE}
}

@article{nair2009computational,
  title={{Computational aspects of a scalable high-order discontinuous Galerkin atmospheric dynamical core}},
  author={Nair, RD and Choi, H-W and Tufo, HM},
  journal={Computers \& Fluids},
  volume={38},
  number={2},
  pages={309--319},
  year={2009},
  publisher={Elsevier}
}



@article{flynn1972some,
  title={{Some computer organizations and their effectiveness}},
  author={Flynn, Michael J},
  journal={Computers, IEEE Transactions on},
  volume={100},
  number={9},
  pages={948--960},
  year={1972},
  publisher={IEEE}
}

@inproceedings{lisk1994oil,
  title={{Oil migration in the Cartier Trough, Vulcan sub-basin}},
  author={Lisk, Mark and Eadington, PJ},
  booktitle={The sedimentary basins of Western Australia: Proceedings of the West Australian Basins Symposium},
  pages={301--312},
  year={1994}
}


@inproceedings{baxter2007maxwell,
  title={{Maxwell-a 64 FPGA supercomputer}},
  author={Baxter, Rob and Booth, Stephen and Smart, Ronnie and Cantle, Allan and Chamberlain, Richard and Genest, Gildas and Bull, Mark and Cawood, Geoff and Perry, James and Parsons, Mark and others},
  booktitle={null},
  pages={287--294},
  year={2007},
  organization={IEEE}
}

@article{yoon20033d,
  title={{3D reverse-time migration using the acoustic wave equation: An experience with the SEG/EAGE data set}},
  author={Yoon, Kwangjin and Shin, Changsoo and Suh, Sangyong and Lines, Larry R and Hong, Soonduk},
  journal={The Leading Edge},
  volume={22},
  number={1},
  pages={38--41},
  year={2003},
  publisher={Society of Exploration Geophysicists}
}


@article{commer2008massively,
  title={{Massively parallel electrical-conductivity imaging of hydrocarbons using the IBM Blue Gene/L supercomputer}},
  author={Commer, Michael and Newman, Gregory A and Carazzone, James J and Dickens, Thomas A and Green, Kenneth E and Wahrmund, Leslie A and Willen, Dennis E and Shiu, Janet},
  journal={IBM Journal of Research and Development},
  volume={52},
  number={1.2},
  pages={93--103},
  year={2008},
  publisher={IBM}
}

@incollection{duveneck2008acoustic,
  title={{Acoustic VTI wave equations and their application for anisotropic reverse-time migration}},
  author={Duveneck, Eric and Milcik, Paul and Bakker, Peter M and Perkins, Colin},
  booktitle={SEG Technical Program Expanded Abstracts 2008},
  pages={2186--2190},
  year={2008},
  publisher={Society of Exploration Geophysicists}
}

@article{vetter2011keeneland,
  title={{Keeneland: Bringing heterogeneous GPU computing to the computational science community}},
  author={Vetter, Jeffrey S and Glassbrook, Richard and Dongarra, Jack and Schwan, Karsten and Loftis, Bruce and McNally, Stephen and Meredith, Jeremy and Rogers, James and Roth, Philip and Spafford, Kyle and others},
  journal={Computing in Science and Engineering},
  volume={13},
  number={5},
  pages={90--95},
  year={2011}
}


@article{loft2015yellowstone,
  title={{Yellowstone: A dedicated resource for earth system science}},
  author={Loft, Richard and Andersen, Aaron and Bryan, Frank and Dennis, John M and Engel, T and Gillman, P and Hart, D and Elahi, I and Ghosh, S and Kelly, R and others},
  journal={Contemporary High Performance Computing: From Petascale Toward Exascale, Volume Two},
  volume={2},
  pages={262},
  year={2015}
}

@article{liao2014milkyway,
  title={{MilkyWay-2 supercomputer: system and application}},
  author={Liao, Xiangke and Xiao, Liquan and Yang, Canqun and Lu, Yutong},
  journal={Frontiers of Computer Science},
  volume={8},
  number={3},
  pages={345--356},
  year={2014},
  publisher={Springer}
}

@article{putnam2015reconfigurable,
  title={{A Reconfigurable Fabric for Accelerating Large-Scale Datacenter Services}},
  author={Putnam, Andrew and Caulfield, Adrian M and Chung, Eric S and Chiou, Derek and Constantinides, Kypros and Demme, John and Esmaeilzadeh, Hadi and Fowers, Jeremy and Gopal, Gopi Prashanth and Gray, Jan and others},
  journal={Micro, IEEE},
  volume={35},
  number={3},
  pages={10--22},
  year={2015},
  publisher={IEEE}
}

@article{habata2003earth,
  title={{The earth simulator system}},
  author={Habata, Shinichi and Yokokawa, Mitsuo and Kitawaki, Shigemune},
  journal={NEC Research and Development},
  volume={44},
  number={1},
  pages={21--26},
  year={2003},
  publisher={NEC CORPORATION-JAPAN}
}

@inproceedings{kamil2006implicit,
  title={{Implicit and explicit optimizations for stencil computations}},
  author={Kamil, Shoaib and Datta, Kaushik and Williams, Samuel and Oliker, Leonid and Shalf, John and Yelick, Katherine},
  booktitle={Proceedings of the 2006 workshop on Memory system performance and correctness},
  pages={51--60},
  year={2006},
  organization={ACM}
}

@article{winans2015dataflow,
  title={{On Dataflow Computing With OpenSPL}},
  author={Winans, John},
  year={2015}
}


@inproceedings{kim2010multi,
  title={{A multi-view API impact analysis for open SPL platform}},
  author={Kim, Eunyoung and Kim, Kangtae and In, Hoh Peter},
  booktitle={Advanced Communication Technology (ICACT), 2010 The 12th International Conference on},
  volume={1},
  pages={686--691},
  year={2010},
  organization={IEEE}
}



@article{schneider1978integral,
  title={{Integral formulation for migration in two and three dimensions}},
  author={Schneider, William A},
  journal={Geophysics},
  volume={43},
  number={1},
  pages={49--76},
  year={1978},
  publisher={Society of Exploration Geophysicists}
}







@article{gazdag1978wave,
  title={{Wave equation migration with the phase-shift method}},
  author={Gazdag, Jen{\"o}},
  journal={Geophysics},
  volume={43},
  number={7},
  pages={1342--1351},
  year={1978},
  publisher={Society of Exploration Geophysicists}
}}



@inproceedings{lindtjorn2010surviving,
  title={{Surviving the end of scaling of traditional micro processors in HPC}},
  author={Lindtjorn, O and Clapp, Robert G and Pell, O and Mencer, O and Flynn, MJ},
  booktitle={Proceedings of HOT CHIPS},
  volume={22},
  year={2010}
}

@article{lutz2013partans,
  title={{PARTANS: An autotuning framework for stencil computation on multi-GPU systems}},
  author={Lutz, Thibaut and Fensch, Christian and Cole, Murray},
  journal={ACM Transactions on Architecture and Code Optimization (TACO)},
  volume={9},
  number={4},
  pages={59},
  year={2013},
  publisher={ACM}
}


@inproceedings{christen2011patus,
  title={{Patus: A code generation and autotuning framework for parallel iterative stencil computations on modern microarchitectures}},
  author={Christen, Matthias and Schenk, Olaf and Burkhart, Helmar},
  booktitle={Parallel \& Distributed Processing Symposium (IPDPS), 2011 IEEE International},
  pages={676--687},
  year={2011},
  organization={IEEE}
}

@article{khronos2008opencl,
  title={{The opencl specification}},
  author={Khronos OpenCL Working Group and others},
  journal={version},
  volume={1},
  number={29},
  pages={8},
  year={2008}
}

@incollection{wienke2012openacc,
  title={{OpenACC—first experiences with real-world applications}},
  author={Wienke, Sandra and Springer, Paul and Terboven, Christian and an Mey, Dieter},
  booktitle={Euro-Par 2012 Parallel Processing},
  pages={859--870},
  year={2012},
  publisher={Springer}
}

@inproceedings{hoshino2013cuda,
  title={{CUDA vs OpenACC: Performance case studies with kernel benchmarks and a memory-bound CFD application}},
  author={Hoshino, Takashi and Maruyama, Naoya and Matsuoka, Shingo and Takaki, Ryoji},
  booktitle={Cluster, Cloud and Grid Computing (CCGrid), 2013 13th IEEE/ACM International Symposium on},
  pages={136--143},
  year={2013},
  organization={IEEE}
}

@article{du2012cuda,
  title={{From CUDA to OpenCL: Towards a performance-portable solution for multi-platform GPU programming}},
  author={Du, Peng and Weber, Rick and Luszczek, Piotr and Tomov, Stanimire and Peterson, Gregory and Dongarra, Jack},
  journal={Parallel Computing},
  volume={38},
  number={8},
  pages={391--407},
  year={2012},
  publisher={Elsevier}
}

@article{hart2012openacc,
  title={{The OpenACC programming model}},
  author={Hart, Alistair},
  journal={Cray Exascale Research Initiative Europe, Tech. Rep},
  year={2012}
}

@article{stone2010opencl,
  title={{OpenCL: A parallel programming standard for heterogeneous computing systems}},
  author={Stone, John E and Gohara, David and Shi, Guochun},
  journal={Computing in science \& engineering},
  volume={12},
  number={1-3},
  pages={66--73},
  year={2010},
  publisher={Institute of Electrical and Electronics Engineers, Inc.,| y USA United States}
}

@inproceedings{nguyen20103,
  title={{3.5-D blocking optimization for stencil computations on modern CPUs and GPUs}},
  author={Nguyen, Anthony and Satish, Nadathur and Chhugani, Jatin and Kim, Changkyu and Dubey, Pradeep},
  booktitle={Proceedings of the 2010 ACM/IEEE International Conference for High Performance Computing, Networking, Storage and Analysis},
  pages={1--13},
  year={2010},
  organization={IEEE Computer Society}
}



@article{etgen2009overview,
  title={{An overview of depth imaging in exploration geophysics}},
  author={Etgen, John and Gray, Samuel H and Zhang, Yu},
  journal={Geophysics},
  volume={74},
  number={6},
  pages={WCA5--WCA17},
  year={2009},
  publisher={Society of Exploration Geophysicists}
}

@article{reed2015exascale,
  title={{Exascale computing and big data}},
  author={Reed, Daniel A and Dongarra, Jack},
  journal={Communications of the ACM},
  volume={58},
  number={7},
  pages={56--68},
  year={2015},
  publisher={ACM}
}

@article{you2014evaluating,
  title={{Evaluating multi-core and many-core architectures through accelerating the three-dimensional Lax--Wendroff correction stencil}},
  author={You, Yang and Fu, Haohuan and Song, Shuaiwen Leon and Dehnavi, Maryam Mehri and Gan, Lin and Huang, Xiaomeng and Yang, Guangwen},
  journal={International Journal of High Performance Computing Applications},
  volume={28},
  number={3},
  pages={301--318},
  year={2014},
  publisher={Sage Publications}
}

@inproceedings{tse2010reconfigurable,
  title={{Reconfigurable control variate Monte-Carlo designs for pricing exotic options}},
  author={Tse, Anson HT and Thomas, David B and Tsoi, Kuen Hung and Luk, Wayne},
  booktitle={Field Programmable Logic and Applications (FPL), 2010 International Conference on},
  pages={364--367},
  year={2010},
  organization={IEEE}
}



@inproceedings{gan2014scaling,
  title={{Scaling and analyzing the stencil performance on multi-core and many-core architectures}},
  author={Gan, Lin and Fu, Haohuan and Xue, Wei and Xu, Yangtong and Yang, Chao and Wang, Xinliang and Lv, Zihong and You, Yang and Yang, Guangwen and Ou, Kaijian},
  booktitle={Parallel and Distributed Systems (ICPADS), 2014 20th IEEE International Conference on},
  pages={103--110},
  year={2014},
  organization={IEEE}
}

@inproceedings{gan2014highly,
  title={{A highly-efficient and green data flow engine for solving euler atmospheric equations}},
  author={Gan, Lin and Fu, Haohuan and Yang, Chao and Luk, Wayne and Xue, Wei and Mencer, Oskar and Huang, Xiaomeng and Yang, Guangwen},
  booktitle={Field Programmable Logic and Applications (FPL), 2014 24th International Conference on},
  pages={1--6},
  year={2014},
  organization={IEEE}
}



@inproceedings{habib2012universe,
  title={{The universe at extreme scale: multi-petaflop sky simulation on the BG/Q}},
  author={Habib, Salman and Morozov, Vitali and Finkel, Hal and Pope, Adrian and Heitmann, Katrin and Kumaran, Kalyan and Peterka, Tom and Insley, Joe and Daniel, David and Fasel, Patricia and others},
  booktitle={Proceedings of the International Conference on High Performance Computing, Networking, Storage and Analysis},
  pages={4},
  year={2012},
  organization={IEEE Computer Society Press}
}


@inproceedings{tumeo2010accelerating,
  title={{Accelerating DNA analysis applications on GPU clusters}},
  author={Tumeo, Antonino and Villa, Oreste},
  booktitle={Application Specific Processors (SASP), 2010 IEEE 8th Symposium on},
  pages={71--76},
  year={2010},
  organization={IEEE}
}

@inproceedings{fronckowiak2009using,
  title={{Using GPU convolutions to correct optical distortion in closed-loop real-time missile simulations}},
  author={Fronckowiak Jr, Thomas},
  booktitle={SPIE Defense, Security, and Sensing},
  pages={73010C--73010C},
  year={2009},
  organization={International Society for Optics and Photonics}
}

@article{ariga2014fast,
  title={{Fast 4$\pi$ track reconstruction in nuclear emulsion detectors based on GPU technology}},
  author={Ariga, A and Ariga, T},
  journal={Journal of Instrumentation},
  volume={9},
  number={04},
  pages={P04002},
  year={2014},
  publisher={IOP Publishing}
}

@incollection{chen2008gpu,
  title={{GPU-MEME: Using graphics hardware to accelerate motif finding in DNA sequences}},
  author={Chen, Chen and Schmidt, Bertil and Weiguo, Liu and M{\"u}ller-Wittig, Wolfgang},
  booktitle={Pattern Recognition in Bioinformatics},
  pages={448--459},
  year={2008},
  publisher={Springer}
}

@article{kampolis2010cfd,
  title={{CFD-based analysis and two-level aerodynamic optimization on graphics processing units}},
  author={Kampolis, IC and Trompoukis, XS and Asouti, VG and Giannakoglou, KC},
  journal={Computer Methods in Applied Mechanics and Engineering},
  volume={199},
  number={9},
  pages={712--722},
  year={2010},
  publisher={Elsevier}
}

@book{field2014climate,
  title={{Climate change 2014: impacts, adaptation, and vulnerability}},
  author={Field, Christopher B and Barros, Vicente R and Mach, K and Mastrandrea, M},
  volume={1},
  year={2014},
  publisher={Cambridge University Press Cambridge, New York, NY}
}

@article{lazo2011us,
  title={{US economic sensitivity to weather variability}},
  author={Lazo, Jeffrey Karl and Lawson, Megan and Larsen, Peter H and Waldman, Donald M},
  journal={Bulletin of the American Meteorological Society},
  pages={709},
  year={2011}
}

@inproceedings{chen2014hpcg,
  title={{HPCG: preliminary evaluation and optimization on Tianhe-2 CPU-only nodes}},
  author={Chen, Cheng and Du, Yunfei and Jiang, Hao and Zuo, Ke and Yang, Canqun},
  booktitle={2014 26th International Symposium on Computer Architecture and High Performance Computing (SBAC-PAD)},
  pages={41--48},
  year={2014},
  organization={IEEE}
}

@inproceedings{zhang2015pattern,
  title={{Pattern-Driven Hybrid Multi-and Many-Core Acceleration in the MPAS Shallow-Water Model}},
  author={Zhang, Peng and Ao, Yulong and Yang, Chao and Liu, Yiqun and Liu, Fangfang and Wu, Changmao and Zhao, Haitao},
  booktitle={Parallel Processing (ICPP), 2015 44th International Conference on},
  pages={71--80},
  year={2015},
  organization={IEEE}
}

@article{liu2015623,
  title={{623 Tflop/s HPCG run on Tianhe-2: Leveraging millions of hybrid cores}},
  author={Liu, Yiqun and Yang, Chao and Liu, Fangfang and Zhang, Xianyi and Lu, Yutong and Du, Yunfei and Yang, Canqun and Xie, Min and Liao, Xiangke},
  journal={International Journal of High Performance Computing Applications},
  pages={1094342015616266},
  year={2015},
  publisher={SAGE Publications}
}


@inproceedings{datta2008stencil,
  title={{Stencil computation optimization and auto-tuning on state-of-the-art multicore architectures}},
  author={Datta, Kaushik and Murphy, Mark and Volkov, Vasily and Williams, Samuel and Carter, Jonathan and Oliker, Leonid and Patterson, David and Shalf, John and Yelick, Katherine},
  booktitle={Proceedings of the 2008 ACM/IEEE conference on Supercomputing},
  pages={4},
  year={2008},
  organization={IEEE Press}
}


@article{lindtjorn2011beyond,
  title={{Beyond traditional microprocessors for geoscience high-performance computing applications}},
  author={Lindtjorn, Olav and Clapp, Robert and Pell, Oliver and Fu, Haohuan and Flynn, Michael and Mencer, Oskar},
  journal={Ieee Micro},
  number={2},
  pages={41--49},
  year={2011},
  publisher={IEEE}
}


@article{berenger1994perfectly,
  title={{A perfectly matched layer for the absorption of electromagnetic waves}},
  author={Berenger, Jean-Pierre},
  journal={Journal of computational physics},
  volume={114},
  number={2},
  pages={185--200},
  year={1994},
  publisher={Elsevier}
}



@inproceedings{elbirt2000fpga,
  title={{An FPGA implementation and performance evaluation of the serpent block cipher}},
  author={Elbirt, Adam J and Paar, Christof},
  booktitle={Proceedings of the 2000 ACM/SIGDA eighth international symposium on Field programmable gate arrays},
  pages={33--40},
  year={2000},
  organization={ACM}
}


@inproceedings{hauser1997garp,
  title={{Garp: A MIPS processor with a reconfigurable coprocessor}},
  author={Hauser, John R and Wawrzynek, John},
  booktitle={Field-Programmable Custom Computing Machines, 1997. Proceedings., The 5th Annual IEEE Symposium on},
  pages={12--21},
  year={1997},
  organization={IEEE}
}


@inproceedings{leung2000fpga,
  title={{FPGA implementation of a microcoded elliptic curve cryptographic processor}},
  author={Leung, KH and Ma, KW and Wong, Wai Keung and Leong, Philip Heng Wai},
  booktitle={Field-Programmable Custom Computing Machines, 2000 IEEE Symposium on},
  pages={68--76},
  year={2000},
  organization={IEEE}
}

@inproceedings{zhang2005reconfigurable,
  title={{Reconfigurable acceleration for Monte Carlo based financial simulation}},
  author={Zhang, GL and Leong, Philip Heng Wai and Ho, Chun Hok and Tsoi, Kuen Hung and Cheung, Chris CC and Lee, Dong-U and Cheung, Ray CC and Luk, Wayne},
  booktitle={Field-Programmable Technology, 2005. Proceedings. 2005 IEEE International Conference on},
  pages={215--222},
  year={2005},
  organization={IEEE}
}

@inproceedings{leeser2004smart,
  title={{Smart camera based on reconfigurable hardware enables diverse real-time applications}},
  author={Leeser, Miriam and Miller, Shawn and Yu, Haiqian},
  booktitle={Field-Programmable Custom Computing Machines, 2004. FCCM 2004. 12th Annual IEEE Symposium on},
  pages={147--155},
  year={2004},
  organization={IEEE}
}

@inproceedings{tripp2005metropolitan,
  title={{Metropolitan road traffic simulation on FPGAs}},
  author={Tripp, Justin L and Mortveit, Henning S and Hansson, Anders A{\AA} and Gokhale, Maya},
  booktitle={Field-Programmable Custom Computing Machines, 2005. FCCM 2005. 13th Annual IEEE Symposium on},
  pages={117--126},
  year={2005},
  organization={IEEE}
}


@incollection{gokhale2004monte,
  title={{Monte Carlo radiative heat transfer simulation on a reconfigurable computer}},
  author={Gokhale, Maya and Frigo, Janette and Ahrens, Christine and Tripp, Justin L and Minnich, Ron},
  booktitle={Field Programmable Logic and Application},
  pages={95--104},
  year={2004},
  publisher={Springer}
}


@article{ronchi1996cubed,
  title={{The “cubed sphere”: a new method for the solution of partial differential equations in spherical geometry}},
  author={Ronchi, C and Iacono, R and Paolucci, Pier S},
  journal={Journal of Computational Physics},
  volume={124},
  number={1},
  pages={93--114},
  year={1996},
  publisher={Elsevier}
}

@article{rossmanith2006wave,
  title={{A wave propagation method for hyperbolic systems on the sphere}},
  author={Rossmanith, James A},
  journal={Journal of Computational Physics},
  volume={213},
  number={2},
  pages={629--658},
  year={2006},
  publisher={Elsevier}
}

@article{tsay2013tianhe,
  title={{The Tianhe-2 Supercomputer: Less than Meets the Eye?}},
  author={Tsay, Brian},
  journal={SITC Bulletin Analysis},
  year={2013}
}


@article{shimpi2012inside,
  title={{Inside the Titan Supercomputer: 299K AMD x86 Cores and 18.6 K NVIDIA GPUs}},
  author={Shimpi, Anand Lal},
  journal={AnandTech online computer hardware magazine, October},
  year={2012}
}


@misc{nvidia2008programming,
  title={{Programming guide}},
  author={Nvidia, CUDA},
  year={2008}
}

@book{jeffers2013intel,
  title={{Intel Xeon Phi coprocessor high-performance programming}},
  author={Jeffers, James and Reinders, James},
  year={2013},
  publisher={Newnes}
}



@article{xue2015ultra,
  title={{Ultra-scalable CPU-MIC acceleration of mesoscale atmospheric modeling on Tianhe-2}},
  author={Xue, Wei and Yang, Chao and Fu, Haohuan and Wang, Xinliang and Xu, Yangtong and Liao, Junfeng and Gan, Lin and Lu, Yutong and Ranjan, Rajiv and Wang, Lizhe},
  journal={Computers, IEEE Transactions on},
  volume={64},
  number={8},
  pages={2382--2393},
  year={2015},
  publisher={IEEE}
}


@inproceedings{bedorf201424,
  title={{24.77 pflops on a gravitational tree-code to simulate the Milky Way galaxy with 18600 GPUs}},
  author={B{\'e}dorf, Jeroen and Gaburov, Evghenii and Fujii, Michiko S and Nitadori, Keigo and Ishiyama, Tomoaki and Zwart, Simon Portegies},
  booktitle={Proceedings of the International Conference for High Performance Computing, Networking, Storage and Analysis},
  pages={54--65},
  year={2014},
  organization={IEEE Press}
}



@inproceedings{heinecke2014petascale,
  title={{Petascale high order dynamic rupture earthquake simulations on heterogeneous supercomputers}},
  author={Heinecke, Alexander and Breuer, Alexander and Rettenberger, Sebastian and Bader, Michael and Gabriel, Alice-Agnes and Pelties, Christian and Bode, Arndt and Barth, William and Liao, Xiang-Ke and Vaidyanathan, Karthikeyan and others},
  booktitle={Proceedings of the International Conference for High Performance Computing, Networking, Storage and Analysis},
  pages={3--14},
  year={2014},
  organization={IEEE Press}
}



@article{wulf1995hitting,
  title={{Hitting the memory wall: implications of the obvious}},
  author={Wulf, Wm A and McKee, Sally A},
  journal={ACM SIGARCH computer architecture news},
  volume={23},
  number={1},
  pages={20--24},
  year={1995},
  publisher={ACM}
}



@inproceedings{ichimura2014physics,
  title={{Physics-based urban earthquake simulation enhanced by 10.7 BlnDOF$\times$ 30 K time-step unstructured FE non-linear s eismic wave simulation}},
  author={Ichimura, Tsuyoshi and Fujita, Kohei and Tanaka, Seizo and Hori, Muneo and Lalith, Maddegedara and Shizawa, Yoshihisa and Kobayashi, Hiroshi},
  booktitle={Proceedings of the International Conference for High Performance Computing, Networking, Storage and Analysis},
  pages={15--26},
  year={2014},
  organization={IEEE Press}
}


%Plos one refs

%1
@article{drake1995design,
  title={{Design and performance of a scalable parallel community climate model}},
  author={Drake, John and Foster, Ian and Michalakes, John and Toonen, Brian and Worley, Patrick},
  journal={Parallel Computing},
  volume={21},
  number={10},
  pages={1571--1591},
  year={1995},
  publisher={Elsevier}
}
@article{ishida2010development,
  title={{Development of a new nonhydrostatic model ASUCA at JMA}},
  author={Ishida, Junichi and Muroi, Chiashi and Kawano, Kohei and Kitamura, Yuji},
  journal={CAS/JSC WGNE Research Activities in Atmospheric and Oceanic Modelling},
  volume={40},
  pages={0511--0512},
  year={2010}
}

@book{mellor1998users,
  title={{Users guide for a three dimensional, primitive equation, numerical ocean model}},
  author={Mellor, George L},
  year={1998},
  publisher={Program in Atmospheric and Oceanic Sciences, Princeton University Princeton, NJ 08544-0710}
}

@incollection{xu2014porting,
  title={{Porting the Princeton Ocean Model to GPUs}},
  author={Xu, Shizhen and Huang, Xiaomeng and Zhang, Yan and Hu, Yong and Fu, Haohuan and Yang, Guangwen},
  booktitle={Algorithms and Architectures for Parallel Processing},
  pages={1--14},
  year={2014},
  publisher={Springer}
}

@inproceedings{loft2001terascale,
  title={{Terascale spectral element dynamical core for atmospheric general circulation models}},
  author={Loft, Richard D and Thomas, Stephen J and Dennis, John M},
  booktitle={Supercomputing, ACM/IEEE 2001 Conference},
  pages={26--26},
  year={2001},
  organization={IEEE}
}

@inproceedings{michalakes2008wrf,
  title={{WRF nature run}},
  author={Michalakes, John and Hacker, Josh and Loft, Richard and McCracken, Michael O and Snavely, Allan and Wright, Nicholas J and Spelce, Tom and Gorda, Brent and Walkup, Robert},
  booktitle={Journal of Physics: Conference Series},
  volume={125},
  number={1},
  pages={012022},
  year={2008},
  organization={IOP Publishing}
}


%2
@inproceedings{shingu200226,
  title={{A 26.58 Tflops global atmospheric simulation with the spectral transform method on the Earth Simulator}},
  author={Shingu, Satoru and Takahara, Hiroshi and Fuchigami, Hiromitsu and Yamada, Masayuki and Tsuda, Yoshinori and Ohfuchi, Wataru and Sasaki, Yuji and Kobayashi, Kazuo and Hagiwara, Takashi and Habata, Shin-ichi and others},
  booktitle={Proceedings of the 2002 ACM/IEEE conference on Supercomputing},
  pages={1--19},
  year={2002},
  organization={IEEE Computer Society Press}
}
%3
@inproceedings{shimokawabe201080,
  title={{An 80-fold speedup, 15.0 TFlops full GPU acceleration of non-hydrostatic weather model ASUCA production code}},
  author={Shimokawabe, Takashi and Aoki, Takayuki and Muroi, Chiashi and Ishida, Juinichi and Kawano, Kohei and Endo, Toshio and Nukada, Akira and Maruyama, Naoya and Matsuoka, Satoshi},
  booktitle={High Performance Computing, Networking, Storage and Analysis (SC), 2010 International Conference for},
  pages={1--11},
  year={2010},
  organization={IEEE}
}
%4
@article{michalakes2008gpu,
  title={{GPU acceleration of numerical weather prediction}},
  author={Michalakes, John and Vachharajani, Manish},
  journal={Parallel Processing Letters},
  volume={18},
  number={04},
  pages={531--548},
  year={2008},
  publisher={World Scientific}
}


%11
@inproceedings{linford2009multi,
  title={{Multi-core acceleration of chemical kinetics for simulation and prediction}},
  author={Linford, John C and Michalakes, John and Vachharajani, Manish and Sandu, Adrian},
  booktitle={Proceedings of the Conference on High Performance Computing Networking, Storage and Analysis},
  pages={7},
  year={2009},
  organization={ACM}
}

%12
@article{kelly2010gpu,
  title={{GPU computing for atmospheric modeling}},
  author={Kelly, Rory},
  journal={Computing in Science \& Engineering},
  volume={12},
  number={4},
  pages={26--33},
  year={2010},
  publisher={AIP Publishing}
}

@inproceedings{michalakes2005weather,
  title={{The weather research and forecast model: software architecture and performance}},
  author={Michalakes, J and Dudhia, J and Gill, D and Henderson, T and Klemp, J and Skamarock, W and Wang, W},
  booktitle={Proceedings of the 11th ECMWF Workshop on the Use of High Performance Computing In Meteorology},
  pages={156--168},
  year={2005}
}

@article{xiangjun20052,
  title={{2) Jin Zhiyan1) Huang Liping1) Chen Dehui1) 1)(Chinese Academy of Meterological Sciences, Beijing 100081) 2)(Computer school, National University of Defence Science \& Technology, Changsha 410073); THE SOFTWARE FRAMEWORK AND APPLICATION OF GRAPES MODEL [J]}},
  author={Xiangjun, Wu},
  journal={Quarterly Journal of Applied Meteorology},
  volume={4},
  year={2005}
}


@article{collins2004description,
  title={{Description of the NCAR community atmosphere model (CAM 3.0)}},
  author={Collins, William D and Rasch, Philip J and Boville, Byron A and Hack, James J and McCaa, James R and Williamson, David L and Kiehl, Jeffrey T and Briegleb, Bruce and Bitz, Cecilia and Lin, SJ and others},
  journal={NCAR Tech. Note NCAR/TN-464+ STR},
  volume={226},
  year={2004}
}

%13
@article{mielikainen2013compute,
  title={{Compute unified device architecture (CUDA)-based parallelization of WRF Kessler cloud microphysics scheme}},
  author={Mielikainen, Jarno and Huang, Bormin and Wang, Jun and Huang, H-L Allen and Goldberg, Mitchell D},
  journal={Computers \& Geosciences},
  volume={52},
  pages={292--299},
  year={2013},
  publisher={Elsevier}
}

%14

@article{xiao2013gpu,
  title={{GPU acceleration of the WSM6 cloud microphysics scheme in GRAPES model}},
  author={Xiao, Huadong and Sun, Jing and Bian, Xiaofeng and Dai, Zhijun},
  journal={Computers \& Geosciences},
  volume={59},
  pages={156--162},
  year={2013},
  publisher={Elsevier}
}

%15
@inproceedings{smith2005accelerating,
  title={{Accelerating scientific applications with the SRC-6 reconfigurable computer: Methodologies and analysis}},
  author={Smith, Melissa C and Vetter, Jeffery S and Liang, Xuejun},
  booktitle={Parallel and Distributed Processing Symposium, 2005. Proceedings. 19th IEEE International},
  pages={157b--157b},
  year={2005},
  organization={IEEE}
}

%16
@inproceedings{govett2010running,
  title={{Running the NIM next-generation weather model on GPUs}},
  author={Govett, Mark and Middlecoff, Jacques and Henderson, Tom},
  booktitle={Cluster, Cloud and Grid Computing (CCGrid), 2010 10th IEEE/ACM International Conference on},
  pages={792--796},
  year={2010},
  organization={IEEE}
}

%17
@inproceedings{wang2011gpu,
  title={{GPU Acceleration for GRAPES Meteorological Model}},
  author={Wang, Zhuowei and Xu, Xianbin and Xiong, Naixue and Yang, Laurence T and Zhao, Wuqing},
  booktitle={High Performance Computing and Communications (HPCC), 2011 IEEE 13th International Conference on},
  pages={365--372},
  year={2011},
  organization={IEEE}
}

%18
@article{carpenter2012progress,
  title={{Progress towards accelerating HOMME on hybrid multi-core systems}},
  author={Carpenter, Ilene and Archibald, Rick and Evans, Katherine J and Larkin, Jeff and Micikevicius, Paulius and Norman, Matt and Rosinski, Jim and Schwarzmeier, Jim and Taylor, Mark A},
  journal={International Journal of High Performance Computing Applications},
  pages={1094342012462751},
  year={2012},
  publisher={Sage Publications}
}

%19
@article{vu2013graphics,
  title={{Graphics processing unit optimizations for the dynamics of the HIRLAM weather forecast model}},
  author={Vu, VT and Cats, Gerard and Wolters, Lex},
  journal={Concurrency and Computation: Practice and Experience},
  volume={25},
  number={10},
  pages={1376--1393},
  year={2013},
  publisher={Wiley Online Library}
}

%20
@inproceedings{demeshko2012multi,
  title={{Multi-GPU implementation of the NICAM atmospheric model}},
  author={Demeshko, Irina and Maruyama, Naoya and Tomita, Hirofumi and Matsuoka, Satoshi},
  booktitle={Euro-Par 2012: Parallel Processing Workshops},
  pages={175--184},
  year={2012},
  organization={Springer}
}

%21
@inproceedings{voran2012evaluating,
  title={{Evaluating intels many integrated core architecture for climate science}},
  author={Voran, T and Garcia, J and Tufo, H},
  booktitle={submitted to the TACC-Intel Highly Parallel Computing Symposium},
  year={2012}
}




%FPL2014

@article{giorgi1990simulation,
  title={{Simulation of regional climate using a limited area model nested in a general circulation model}},
  author={Giorgi, Filippo},
  journal={Journal of Climate},
  volume={3},
  number={9},
  pages={941--963},
  year={1990}
}

@article{duben2014benchmark,
  title={{Benchmark tests for numerical weather forecasts on inexact hardware}},
  author={D{\"u}ben, Peter D and Palmer, TN},
  journal={Monthly Weather Review},
  volume={142},
  number={10},
  pages={3809--3829},
  year={2014}
}


@article{duben2015rounding,
  title={{Rounding errors may be beneficial for simulations of atmospheric flow: results from the forced 1D Burgers equation}},
  author={D{\"u}ben, Peter D and Dolaptchiev, Stamen I},
  journal={Theoretical and Computational Fluid Dynamics},
  volume={29},
  number={4},
  pages={311--328},
  year={2015},
  publisher={Springer}
}


@inproceedings{targett2015lower,
  title={{Lower precision for higher accuracy: Precision and resolution exploration for shallow water equations}},
  author={Targett, James Stanley and Niu, Xinyu and Russell, Francis and Luk, Wayne and Jeffress, Stephen and Duben, Peter},
  booktitle={Field Programmable Technology (FPT), 2015 International Conference on},
  pages={208--211},
  year={2015},
  organization={IEEE}
}


@book{mitchell1980finite,
  title={{The finite difference method in partial differential equations}},
  author={Mitchell, Andrew Ronald and Griffiths, David Francis},
  year={1980},
  publisher={John Wiley}
}

@article{jin2013optimising,
  title={{Optimising financial computation for reconfigurable hardware}},
  author={Jin, Qiwei},
  year={2013},
  publisher={Imperial College London}
}


@inproceedings{liu2015optimizing,
  title={{Optimizing Residue Number Reverse Converters through Bitwise Arithmetic on FPGAs}},
  author={Liu, Bangtian and Fu, Haohuan and Gan, Lin and Zhao, Wenlai and Yang, Guangwen},
  booktitle={Field-Programmable Custom Computing Machines (FCCM), 2015 IEEE 23rd Annual International Symposium on},
  pages={236--243},
  year={2015},
  organization={IEEE}
}

@inproceedings{fu2008optimizing,
  title={{Optimizing residue arithmetic on FPGAs}},
  author={Fu, Haohuan and Mencer, Oskar and Luk, Wayne},
  booktitle={ICECE Technology, 2008. FPT 2008. International Conference on},
  pages={41--48},
  year={2008},
  organization={IEEE}
}

@article{fu2010fpga,
  title={{FPGA designs with optimized logarithmic arithmetic}},
  author={Fu, Haohuan and Mencer, Oskar and Luk, Wayne},
  journal={IEEE Transactions on Computers},
  number={7},
  pages={1000--1006},
  year={2010},
  publisher={IEEE}
}

@book{ashenden2010designer,
  title={{The designer's guide to VHDL}},
  author={Ashenden, Peter J},
  volume={3},
  year={2010},
  publisher={Morgan Kaufmann}
}

@book{navabi1997vhdl,
  title={{VHDL: Analysis and modeling of digital systems}},
  author={Navabi, Zainalabedin},
  year={1997},
  publisher={McGraw-Hill, Inc.}
}


@book{palnitkar2003verilog,
  title={{Verilog HDL: a guide to digital design and synthesis}},
  author={Palnitkar, Samir},
  volume={1},
  year={2003},
  publisher={Prentice Hall Professional}
}

@book{thomas2008verilog,
  title={{The Verilog{\textregistered} Hardware Description Language}},
  author={Thomas, Donald and Moorby, Philip},
  year={2008},
  publisher={Springer Science \& Business Media}
}

@article{gan2015solving,
  title={{Solving the Global Atmospheric Equations through Heterogeneous Reconfigurable Platforms}},
  author={Gan, Lin and Fu, Haohuan and Luk, Wayne and Yang, Chao and Xue, Wei and Huang, Xiaomeng and Zhang, Youhui and Yang, Guangwen},
  journal={ACM Transactions on Reconfigurable Technology and Systems (TRETS)},
  volume={8},
  number={2},
  pages={11},
  year={2015},
  publisher={ACM}
}

@incollection{becker2015maxeler,
  title={{Maxeler Data-Flow in Computational Finance}},
  author={Becker, Tobias and Mencer, Oskar and Weston, Stephen and Gaydadjiev, Georgi},
  booktitle={FPGA Based Accelerators for Financial Applications},
  pages={243--266},
  year={2015},
  publisher={Springer}
}

@article{pell2012maximum,
  title={{Maximum performance computing with dataflow engines}},
  author={Pell, Oliver and Averbukh, Vitali},
  journal={Computing in Science \& Engineering},
  volume={14},
  number={4},
  pages={98--103},
  year={2012},
  publisher={Institute of Electrical and Electronics Engineers, Inc., USA United States}
}

@inproceedings{oriato2012acceleration,
  title={{Acceleration of a meteorological limited area model with dataflow engines}},
  author={Oriato, Diego and Tilbury, Simon and Marrocu, Marino and Pusceddu, Gabriella},
  booktitle={Application Accelerators in High Performance Computing (SAAHPC), 2012 Symposium on},
  pages={129--132},
  year={2012},
  organization={IEEE}
}


@article{oriato20153,
  title={{3-Dataflow Computing in Extreme Performance Conditions}},
  author={Oriato, Diego and Girdlestone, Stephen and Mencer, Oskar},
  journal={Advances in Computers},
  volume={3},
  year={2015},
  publisher={Elsevier}
}

@article{fu2012revisiting,
  title={{Revisiting finite difference and spectral migration methods on diverse parallel architectures}},
  author={Fu, Haohuan and Clapp, Robert G and Lindtjorn, Olav and Wei, Tengpeng and Yang, Guangwen},
  journal={Computers \& Geosciences},
  volume={43},
  pages={187--196},
  year={2012},
  publisher={Elsevier}
}


%GPU for RTM
@inproceedings{qawasmeh2015gpu,
  title={{GPU technology applied to reverse time migration and seismic modeling via OpenACC}},
  author={Qawasmeh, Ahmad and Chapman, Barbara and Hugues, Maxime and Calandra, Henri},
  booktitle={Proceedings of the Sixth International Workshop on Programming Models and Applications for Multicores and Manycores},
  pages={75--85},
  year={2015},
  organization={ACM}
}

@inproceedings{martinez2015towards,
  title={{Towards seismic wave modeling on heterogeneous many-core architectures using task-based runtime system}},
  author={Mart{\'\i}nez, V{\'\i}ctor and Mich{\'e}a, David and Dupros, Fabrice and Aumage, Olivier and Thibault, Samuel and Aochi, Hideo and Navaux, Philippe Olivier Alexandre},
  booktitle={27th International Symposium on Computer Architecture and High Performance Computing (SBAC-PAD)},
  year={2015},
  organization={IEEE}
}



%GPU for FWI
@article{liu20153d,
  title={{3D hybrid-domain full waveform inversion on GPU}},
  author={Liu, Lu and Ding, Renwei and Liu, Hongwei and Liu, Hong},
  journal={Computers \& Geosciences},
  volume={83},
  pages={27--36},
  year={2015},
  publisher={Elsevier}
}

@inproceedings{fang2015optimizing,
  title={{Optimizing Complex Spatially-Variant Coefficient Stencils for Seismic Modeling on GPU}},
  author={Fang, Jiarui and Fu, Haohuan and Zhang, He and Wu, Wei and Dai, Nanxun and Gan, Lin and Yang, Guangwen},
  booktitle={Parallel and Distributed Systems (ICPADS), 2015 IEEE 21st International Conference on},
  pages={641--648},
  year={2015},
  organization={IEEE}
}


%MIC
@incollection{clapp2015seismic,
  title={{Seismic Processing and the Computer Revolution (s)}},
  author={Clapp, Robert G and others},
  booktitle={SEG Technical Program Expanded Abstracts 2015},
  pages={4832--4837},
  year={2015},
  publisher={Society of Exploration Geophysicists}
}


@inproceedings{costa2015half,
  title={{Half-precision Performance Benefits on a Xeon Phi TTI RTM Application}},
  author={Costa, DL and Borges, L and Leite, LS and Barbosa, CHS and Silva, JJ},
  booktitle={77th EAGE Conference and Exhibition 2015},
  year={2015}
}


@inproceedings{wang2012parallel,
  title={{A parallel finite-element solution of transient electromagnetic diffusion equation}},
  author={Wang, Yingqiao and Wei, Tengpeng and Fu, Haohuan and Um, Evan Schankee and others},
  booktitle={2012 SEG Annual Meeting},
  year={2012},
  organization={Society of Exploration Geophysicists}
}


@inproceedings{fu2009accelerating,
  title={{Accelerating 3D convolution using streaming architectures on FPGAs}},
  author={Fu, Haohuan and Clapp, Robert G and Mencer, Oskar and Pell, Oliver and others},
  booktitle={2009 SEG Annual Meeting},
  year={2009},
  organization={Society of Exploration Geophysicists}
}

@article{clapp2010selecting,
  title={{Selecting the right hardware for reverse time migration}},
  author={Clapp, Robert G and Fu, Haohuan and Lindtjorn, Olav},
  journal={The leading edge},
  volume={29},
  number={1},
  pages={48--58},
  year={2010},
  publisher={Society of Exploration Geophysicists}
}


@article{baysal1983reverse,
  title={{Reverse time migration}},
  author={Baysal, Edip and Kosloff, Dan D and Sherwood, John WC},
  journal={Geophysics},
  volume={48},
  number={11},
  pages={1514--1524},
  year={1983},
  publisher={Society of Exploration Geophysicists}
}



@article{dagum1998openmp,
  title={{OpenMP: an industry standard API for shared-memory programming}},
  author={Dagum, Leonardo and Enon, Rameshm},
  journal={Computational Science \& Engineering, IEEE},
  volume={5},
  number={1},
  pages={46--55},
  year={1998},
  publisher={IEEE}
}


@inproceedings{kamil2005impact,
  title={{Impact of modern memory subsystems on cache optimizations for stencil computations}},
  author={Kamil, Shoaib and Husbands, Parry and Oliker, Leonid and Shalf, John and Yelick, Katherine},
  booktitle={Proceedings of the 2005 workshop on Memory system performance},
  pages={36--43},
  year={2005},
  organization={ACM}
}

@article{yang2011tianhe,
  title={{The TianHe-1A supercomputer: its hardware and software}},
  author={Yang, Xue-Jun and Liao, Xiang-Ke and Lu, Kai and Hu, Qing-Feng and Song, Jun-Qiang and Su, Jin-Shu},
  journal={Journal of Computer Science and Technology},
  volume={26},
  number={3},
  pages={344--351},
  year={2011},
  publisher={Springer}
}


@inproceedings{eichenberger2004vectorization,
  title={{Vectorization for SIMD architectures with alignment constraints}},
  author={Eichenberger, Alexandre E and Wu, Peng and O'Brien, Kevin},
  booktitle={ACM SIGPLAN Notices},
  volume={39},
  number={6},
  pages={82--93},
  year={2004},
  organization={ACM}
}


@inproceedings{fu2011eliminating,
  title={{Eliminating the memory bottleneck: an FPGA-based solution for 3d reverse time migration}},
  author={Fu, Haohuan and Clapp, Robert G},
  booktitle={Proceedings of the 19th ACM/SIGDA international symposium on Field programmable gate arrays},
  pages={65--74},
  year={2011},
  organization={ACM}
}



@inproceedings{chen2004fpga,
  title={{An FPGA implementation of the two-dimensional finite-difference time-domain (FDTD) algorithm}},
  author={Chen, Wang and Kosmas, Panos and Leeser, Miriam and Rappaport, Carey},
  booktitle={Proceedings of the 2004 ACM/SIGDA 12th international symposium on Field programmable gate arrays},
  pages={213--222},
  year={2004},
  organization={ACM}
}

@inproceedings{durbano2004fpga,
  title={{FPGA-based acceleration of the 3D finite-difference time-domain method}},
  author={Durbano, James P and Ortiz, Fernando E},
  booktitle={Field-Programmable Custom Computing Machines, 2004. FCCM 2004. 12th Annual IEEE Symposium on},
  pages={156--163},
  year={2004},
  organization={IEEE}
}



@inproceedings{he2005time,
  title={{Time domain numerical simulation for transient waves on reconfigurable coprocessor platform}},
  author={He, Chuan and Zhao, Wei and Lu, Mi},
  booktitle={Field-Programmable Custom Computing Machines, 2005. FCCM 2005. 13th Annual IEEE Symposium on},
  pages={127--136},
  year={2005},
  organization={IEEE}
}


@inproceedings{he2006efficient,
  title={{An efficient implementation of high-accuracy finite difference computing engine on FPGAs}},
  author={He, Chuan and Qin, Guan and Lu, Mi and Zhao, Wei},
  booktitle={Application-specific Systems, Architectures and Processors, 2006. ASAP'06. International Conference on},
  pages={95--98},
  year={2006},
  organization={IEEE}
}


@inproceedings{shafiq2009exploiting,
  title={{Exploiting memory customization in FPGA for 3D stencil computations}},
  author={Shafiq, Muhammad and Pericas, Miquel and De la Cruz, Raul and Araya-Polo, Mauricio and Navarro, Nacho and Ayguad{\'e}, Eduard},
  booktitle={Field-Programmable Technology, 2009. FPT 2009. International Conference on},
  pages={38--45},
  year={2009},
  organization={IEEE}
}

@article{holloway1973latitude,
  title={{Latitude-longitude grid suitable for numerical time integration of a global atmospheric model}},
  author={Holloway Jr, J Leith and Spelman, Michael J and Manabe, Syukuro},
  journal={Monthly weather review},
  volume={101},
  number={1},
  pages={69--78},
  year={1973}
}

@article{gottlieb2001strong,
  title={{Strong stability-preserving high-order time discretization methods}},
  author={Gottlieb, Sigal and Shu, Chi-Wang and Tadmor, Eitan},
  journal={SIAM review},
  volume={43},
  number={1},
  pages={89--112},
  year={2001},
  publisher={SIAM}
}

@inproceedings{yang2013peta,
  title={{A peta-scalable CPU-GPU algorithm for global atmospheric simulations}},
  author={Yang, Chao and Xue, Wei and Fu, Haohuan and Gan, Lin and Li, Linfeng and Xu, Yangtong and Lu, Yutong and Sun, Jiachang and Yang, Guangwen and Zheng, Weimin},
  booktitle={ACM SIGPLAN Notices},
  volume={48},
  number={8},
  pages={1--12},
  year={2013},
  organization={ACM}
}


@article{rose1990architecture,
  title={{Architecture of field-programmable gate arrays: The effect of logic block functionality on area efficiency}},
  author={Rose, Jonathan and Francis, Robert J and Lewis, David and Chow, Paul},
  journal={Solid-State Circuits, IEEE Journal of},
  volume={25},
  number={5},
  pages={1217--1225},
  year={1990},
  publisher={IEEE}
}



@article{williamson1992standard,
  title={{A standard test set for numerical approximations to the shallow water equations in spherical geometry}},
  author={Williamson, David L and Drake, John B and Hack, James J and Jakob, R{\"u}diger and Swarztrauber, Paul N},
  journal={Journal of Computational Physics},
  volume={102},
  number={1},
  pages={211--224},
  year={1992},
  publisher={Elsevier}
}





@article{fu2009accelerating1,
  title={{Accelerating seismic computations using customized number representations on FPGAs}},
  author={Fu, Haohuan and Osborne, William and Clapp, Robert G and Mencer, Oskar and Luk, Wayne},
  journal={EURASIP Journal on Embedded Systems},
  volume={2009},
  pages={3},
  year={2009},
  publisher={Hindawi Publishing Corp.}
}




@inproceedings{xue2014enabling,
  title={{Enabling and scaling a global shallow-water atmospheric model on Tianhe-2}},
  author={Xue, Wei and Yang, Chao and Fu, Haohuan and Wang, Xinliang and Xu, Yangtong and Gan, Lin and Lu, Yutong and Zhu, Xiaoqian},
  booktitle={Parallel and Distributed Processing Symposium, 2014 IEEE 28th International},
  pages={745--754},
  year={2014},
  organization={IEEE}
}


@article{symes2007reverse,
  title={{Reverse time migration with optimal checkpointing}},
  author={Symes, William W},
  journal={Geophysics},
  volume={72},
  number={5},
  pages={SM213--SM221},
  year={2007},
  publisher={Society of Exploration Geophysicists}
}




@book{lauritzen2011numerical,
  title={{Numerical techniques for global atmospheric models}},
  author={Lauritzen, Peter H and Jablonowski, Christiane and Taylor, Mark A and Nair, Ramachandran D},
  volume={80},
  year={2011},
  publisher={Springer Science \& Business Media}
}



@article{yang2014scalable,
  title={{A scalable fully implicit compressible Euler solver for mesoscale nonhydrostatic simulation of atmospheric flows}},
  author={Yang, Chao and Cai, Xiao-Chuan},
  journal={SIAM Journal on Scientific Computing},
  volume={36},
  number={5},
  pages={S23--S47},
  year={2014},
  publisher={SIAM}
}




@article{fu2014scaling,
  title={{Scaling reverse time migration performance through reconfigurable dataflow engines}},
  author={Fu, Haohuan and Gan, Lin and Clapp, Robert G and Ruan, Huabin and Pell, Oliver and Mencer, Oskar and Flynn, Michael and Huang, Xiaomeng and Yang, Guangwen},
  journal={Micro, IEEE},
  volume={34},
  number={1},
  pages={30--40},
  year={2014},
  publisher={IEEE}
}




@article{ullrich2012operator,
  title={{Operator-split Runge-Kutta-Rosenbrock methods for nonhydrostatic atmospheric models}},
  author={Ullrich, Paul and Jablonowski, Christiane},
  journal={Monthly Weather Review},
  volume={140},
  number={4},
  pages={1257--1284},
  year={2012}
}




@techreport{balay2014petsc,
  title={{Petsc users manual revision 3.5}},
  author={Balay, S and Abhyankar, S and Adams, M and Brown, J and Brune, P and Buschelman, K and Eijkhout, V and Gropp, W and Kaushik, D and Knepley, M and others},
  year={2014},
  institution={Technical report, Argonne National Laboratory (ANL)}
}
@inproceedings{irick2008hardware,
  title={A hardware efficient support vector machine architecture for FPGA},
  author={Irick, Kevin and DeBole, Michael and Narayanan, Vijaykrishnan and Gayasen, Aman},
  booktitle={Field-Programmable Custom Computing Machines, 2008. FCCM'08. 16th International Symposium on},
  pages={304--305},
  year={2008},
  organization={IEEE}
}
@inproceedings{zhang2015optimizing,
  title={Optimizing fpga-based accelerator design for deep convolutional neural networks},
  author={Zhang, Chen and Li, Peng and Sun, Guangyu and Guan, Yijin and Xiao, Bingjun and Cong, Jason},
  booktitle={Proceedings of the 2015 ACM/SIGDA International Symposium on Field-Programmable Gate Arrays},
  pages={161--170},
  year={2015},
  organization={ACM}
}
@article{wang2017dlau,
  title={DLAU: A scalable deep learning accelerator unit on FPGA},
  author={Wang, Chao and Gong, Lei and Yu, Qi and Li, Xi and Xie, Yuan and Zhou, Xuehai},
  journal={IEEE Transactions on Computer-Aided Design of Integrated Circuits and Systems},
  volume={36},
  number={3},
  pages={513--517},
  year={2017},
  publisher={IEEE}
}
@article{he2017fully,
  title={A Fully-Pipelined Hardware Design for Gaussian Mixture Models},
  author={He, Conghui and Fu, Haohuan and Guo, Ce and Luk, Wayne and Yang, Guangwen},
  journal={IEEE Transactions on Computers},
  volume={66},
  number={11},
  pages={1837--1850},
  year={2017},
  publisher={IEEE}
}
@inproceedings{fu2017nanosecond,
  title={A Nanosecond--Level Hybrid Table Design for Financial Market Data Generators},
  author={Fu, Haohuan and He, Conghui and Luk, Wayne and Li, Weijia and Yang, Guangwen},
  booktitle={Field-Programmable Custom Computing Machines (FCCM), 2017 IEEE 25th Annual International Symposium on},
  pages={227--234},
  year={2017},
  organization={IEEE}
}
@inproceedings{he2017exploring,
  title={Exploring the potential of reconfigurable platforms for order book update},
  author={He, Conghui and Fu, Haohuan and Luk, Wayne and Li, Weijia and Yang, Guangen},
  booktitle={Field Programmable Logic and Applications (FPL), 2017 27th International Conference on},
  pages={1--8},
  year={2017},
  organization={IEEE}
}
@inproceedings{fu2017accelerating,
  title={Accelerating Financial Market Server through Hybrid List Design},
  author={Fu, Haohuan and He, Conghui and Ruan, Huabin and Greenspon, Itay and Luk, Wayne and Zheng, Yongkang and Liao, Junfeng and Zhang, Qing and Yang, Guangwen},
  booktitle={Proceedings of the 2017 ACM/SIGDA International Symposium on Field-Programmable Gate Arrays},
  pages={289--290},
  year={2017},
  organization={ACM}
}
@article{tarafdar2018designing,
  title={Designing for FPGAs in the Cloud},
  author={Tarafdar, Naif and Eskandari, Nariman and Lin, Thomas and Chow, Paul},
  journal={IEEE Design \& Test},
  volume={35},
  number={1},
  pages={23--29},
  year={2018},
  publisher={IEEE}
}
%chapter 1

@article{yang2011tianhe,
  title={The TianHe-1A supercomputer: its hardware and software},
  author={Yang, Xue-Jun and Liao, Xiang-Ke and Lu, Kai and Hu, Qing-Feng and Song, Jun-Qiang and Su, Jin-Shu},
  journal={Journal of computer science and technology},
  volume={26},
  number={3},
  pages={344--351},
  year={2011},
  publisher={Springer}
}

@article{liao2014milkyway,
  title={MilkyWay-2 supercomputer: system and application},
  author={Liao, Xiangke and Xiao, Liquan and Yang, Canqun and Lu, Yutong},
  journal={Frontiers of Computer Science},
  volume={8},
  number={3},
  pages={345--356},
  year={2014},
  publisher={Springer}
}

@article{fu2016sunway,
  title={The Sunway TaihuLight supercomputer: system and applications},
  author={Fu, Haohuan and Liao, Junfeng and Yang, Jinzhe and Wang, Lanning and Song, Zhenya and Huang, Xiaomeng and Yang, Chao and Xue, Wei and Liu, Fangfang and Qiao, Fangli and others},
  journal={Science China Information Sciences},
  volume={59},
  number={7},
  pages={072001},
  year={2016},
  publisher={Springer}
}

@incollection{becker2016spatial,
  title={Spatial Programming with OpenSPL},
  author={Becker, Tobias and Mencer, Oskar and Gaydadjiev, Georgi},
  booktitle={FPGAs for Software Programmers},
  pages={81--95},
  year={2016},
  publisher={Springer}
}


@article{rosenblatt1958perceptron,
  title={The perceptron: A probabilistic model for information storage and organization in the brain.},
  author={Rosenblatt, Frank},
  journal={Psychological review},
  volume={65},
  number={6},
  pages={386},
  year={1958},
  publisher={American Psychological Association}
}

@article{rumelhart1988learning,
  title={Learning representations by back-propagating errors},
  author={Rumelhart, David E and Hinton, Geoffrey E and Williams, Ronald J},
  journal={Cognitive modeling},
  volume={5},
  number={3},
  pages={1},
  year={1988}
}

@article{lecun1998gradient,
  title={Gradient-based learning applied to document recognition},
  author={LeCun, Yann and Bottou, L{\'e}on and Bengio, Yoshua and Haffner, Patrick},
  journal={Proceedings of the IEEE},
  volume={86},
  number={11},
  pages={2278--2324},
  year={1998},
  publisher={IEEE}
}

@article{hinton2006fast,
  title={A fast learning algorithm for deep belief nets},
  author={Hinton, Geoffrey E and Osindero, Simon and Teh, Yee-Whye},
  journal={Neural computation},
  volume={18},
  number={7},
  pages={1527--1554},
  year={2006},
  publisher={MIT Press}
}

@article{hinton2006reducing,
  title={Reducing the dimensionality of data with neural networks},
  author={Hinton, Geoffrey E and Salakhutdinov, Ruslan R},
  journal={science},
  volume={313},
  number={5786},
  pages={504--507},
  year={2006},
  publisher={American Association for the Advancement of Science}
}

@incollection{bottou2010large,
  title={Large-scale machine learning with stochastic gradient descent},
  author={Bottou, L{\'e}on},
  booktitle={Proceedings of COMPSTAT'2010},
  pages={177--186},
  year={2010},
  publisher={Springer}
}

@article{lecun1989backpropagation,
  title={Backpropagation applied to handwritten zip code recognition},
  author={LeCun, Yann and Boser, Bernhard and Denker, John S and Henderson, Donnie and Howard, Richard E and Hubbard, Wayne and Jackel, Lawrence D},
  journal={Neural computation},
  volume={1},
  number={4},
  pages={541--551},
  year={1989},
  publisher={MIT Press}
}

@inproceedings{krizhevsky2012imagenet,
  title={Imagenet classification with deep convolutional neural networks},
  author={Krizhevsky, Alex and Sutskever, Ilya and Hinton, Geoffrey E},
  booktitle={Advances in neural information processing systems},
  pages={1097--1105},
  year={2012}
}

@article{simonyan2014very,
  title={Very deep convolutional networks for large-scale image recognition},
  author={Simonyan, Karen and Zisserman, Andrew},
  journal={arXiv preprint arXiv:1409.1556},
  year={2014}
}

@inproceedings{szegedy2015going,
  title={Going deeper with convolutions},
  author={Szegedy, Christian and Liu, Wei and Jia, Yangqing and Sermanet, Pierre and Reed, Scott and Anguelov, Dragomir and Erhan, Dumitru and Vanhoucke, Vincent and Rabinovich, Andrew},
  booktitle={Proceedings of the IEEE Conference on Computer Vision and Pattern Recognition},
  pages={1--9},
  year={2015}
}

@inproceedings{he2016deep,
  title={Deep residual learning for image recognition},
  author={He, Kaiming and Zhang, Xiangyu and Ren, Shaoqing and Sun, Jian},
  booktitle={Proceedings of the IEEE Conference on Computer Vision and Pattern Recognition},
  pages={770--778},
  year={2016}
}


@inproceedings{taigman2014deepface,
  title={Deepface: Closing the gap to human-level performance in face verification},
  author={Taigman, Yaniv and Yang, Ming and Ranzato, Marc'Aurelio and Wolf, Lior},
  booktitle={Proceedings of the IEEE Conference on Computer Vision and Pattern Recognition},
  pages={1701--1708},
  year={2014}
}

@inproceedings{schroff2015facenet,
  title={Facenet: A unified embedding for face recognition and clustering},
  author={Schroff, Florian and Kalenichenko, Dmitry and Philbin, James},
  booktitle={Proceedings of the IEEE Conference on Computer Vision and Pattern Recognition},
  pages={815--823},
  year={2015}
}

@article{sun2015deepid3,
  title={Deepid3: Face recognition with very deep neural networks},
  author={Sun, Yi and Liang, Ding and Wang, Xiaogang and Tang, Xiaoou},
  journal={arXiv preprint arXiv:1502.00873},
  year={2015}
}

@article{silver2016mastering,
  title={Mastering the game of Go with deep neural networks and tree search},
  author={Silver, David and Huang, Aja and Maddison, Chris J and Guez, Arthur and Sifre, Laurent and Van Den Driessche, George and Schrittwieser, Julian and Antonoglou, Ioannis and Panneershelvam, Veda and Lanctot, Marc and others},
  journal={Nature},
  volume={529},
  number={7587},
  pages={484--489},
  year={2016},
  publisher={Nature Publishing Group}
}

%chapter 2
@misc{xc20642009xc2018,
  title={XC2018 Logic Cell Array},
  author={XC2064, Xilinx},
  year={2009}
}

@misc{virtex7fpga,
  title={FPGA Family},
  author={Virtex, Xilinx},
  year={7},
  publisher={Virtex-7}
}

@inproceedings{elbirt2000fpga,
  title={An FPGA implementation and performance evaluation of the serpent block cipher},
  author={Elbirt, Adam J and Paar, Christof},
  booktitle={Proceedings of the 2000 ACM/SIGDA eighth international symposium on Field programmable gate arrays},
  pages={33--40},
  year={2000},
  organization={ACM}
}

@inproceedings{hauser1997garp,
  title={Garp: A MIPS processor with a reconfigurable coprocessor},
  author={Hauser, John R and Wawrzynek, John},
  booktitle={Field-Programmable Custom Computing Machines, 1997. Proceedings., The 5th Annual IEEE Symposium on},
  pages={12--21},
  year={1997},
  organization={IEEE}
}

@inproceedings{leung2000fpga,
  title={FPGA implementation of a microcoded elliptic curve cryptographic processor},
  author={Leung, KH and Ma, KW and Wong, Wai Keung and Leong, Philip Heng Wai},
  booktitle={Field-Programmable Custom Computing Machines, 2000 IEEE Symposium on},
  pages={68--76},
  year={2000},
  organization={IEEE}
}


@inproceedings{leeser2004smart,
  title={Smart camera based on reconfigurable hardware enables diverse real-time applications},
  author={Leeser, Miriam and Miller, Shawn and Yu, Haiqian},
  booktitle={Field-Programmable Custom Computing Machines, 2004. FCCM 2004. 12th Annual IEEE Symposium on},
  pages={147--155},
  year={2004},
  organization={IEEE}
}

@inproceedings{fu2008optimizing,
  title={Optimizing residue arithmetic on FPGAs},
  author={Fu, Haohuan and Mencer, Oskar and Luk, Wayne},
  booktitle={ICECE Technology, 2008. FPT 2008. International Conference on},
  pages={41--48},
  year={2008},
  organization={IEEE}
}

@inproceedings{liu2015optimizing,
  title={Optimizing Residue Number Reverse Converters through Bitwise Arithmetic on FPGAs},
  author={Liu, Bangtian and Fu, Haohuan and Gan, Lin and Zhao, Wenlai and Yang, Guangwen},
  booktitle={Field-Programmable Custom Computing Machines (FCCM), 2015 IEEE 23rd Annual International Symposium on},
  pages={236--243},
  year={2015},
  organization={IEEE}
}

@inproceedings{zhang2005reconfigurable,
  title={Reconfigurable acceleration for Monte Carlo based financial simulation},
  author={Zhang, GL and Leong, Philip Heng Wai and Ho, Chun Hok and Tsoi, Kuen Hung and Cheung, Chris CC and Lee, D-U and Cheung, Ray CC and Luk, Wayne},
  booktitle={Field-Programmable Technology, 2005. Proceedings. 2005 IEEE International Conference on},
  pages={215--222},
  year={2005},
  organization={IEEE}
}

@article{jin2013optimising,
  title={Optimising financial computation for reconfigurable hardware},
  author={Jin, Qiwei},
  year={2013},
  publisher={Imperial College London}
}

@inproceedings{anson2010reconfigurable,
  title={Reconfigurable control variate monte-carlo designs for pricing exotic options},
  author={Anson, HT and Thomas, David B and Tsoi, Kuen Hung and Luk, Wayne},
  booktitle={Field Programmable Logic and Applications (FPL), 2010 International Conference on},
  pages={364--367},
  year={2010},
  organization={IEEE}
}

@incollection{becker2015maxeler,
  title={Maxeler Data-Flow in Computational Finance},
  author={Becker, Tobias and Mencer, Oskar and Weston, Stephen and Gaydadjiev, Georgi},
  booktitle={FPGA Based Accelerators for Financial Applications},
  pages={243--266},
  year={2015},
  publisher={Springer}
}

@article{gokhale2004monte,
  title={Monte carlo radiative heat transfer simulation on a reconfigurable computer},
  author={Gokhale, Maya and Frigo, Janette and Ahrens, Christine and Tripp, Justin and Minnich, Ron},
  journal={Field Programmable Logic and Application},
  pages={95--104},
  year={2004},
  publisher={Springer}
}

@article{fu2010fpga,
  title={FPGA designs with optimized logarithmic arithmetic},
  author={Fu, Haohuan and Mencer, Oskar and Luk, Wayne},
  journal={IEEE Transactions on Computers},
  volume={59},
  number={7},
  pages={1000--1006},
  year={2010},
  publisher={IEEE}
}

@inproceedings{kordasiewicz2005asic,
  title={ASIC and FPGA implementations of H. 264 DCT and quantization blocks},
  author={Kordasiewicz, Roman C and Shirani, Shahram},
  booktitle={Image Processing, 2005. ICIP 2005. IEEE International Conference on},
  volume={3},
  pages={III--1020},
  year={2005},
  organization={IEEE}
}

@inproceedings{agostini2006fpga,
  title={FPGA design of a H. 264/AVC main profile decoder for HDTV},
  author={Agostini, Luciano V and Azevedo Filho, Arnaldo P and Rosa, Vagner S and Berriel, Eduardo A and Santos, Tatiana GS and Bampi, Sergio and Susin, Altamiro A},
  booktitle={Field Programmable Logic and Applications, 2006. FPL'06. International Conference on},
  pages={1--6},
  year={2006},
  organization={IEEE}
}

@inproceedings{oriato2012acceleration,
  title={Acceleration of a meteorological limited area model with dataflow engines},
  author={Oriato, Diego and Tilbury, Simon and Marrocu, Marino and Pusceddu, Gabriella},
  booktitle={Application Accelerators in High Performance Computing (SAAHPC), 2012 Symposium on},
  pages={129--132},
  year={2012},
  organization={IEEE}
}

@inproceedings{smith2005accelerating,
  title={Accelerating scientific applications with the SRC-6 reconfigurable computer: Methodologies and analysis},
  author={Smith, Melissa C and Vetter, Jeffrey S and Liang, Xuejun},
  booktitle={Parallel and Distributed Processing Symposium, 2005. Proceedings. 19th IEEE International},
  pages={8--pp},
  year={2005},
  organization={IEEE}
}

@book{ashenden2010designer,
  title={The designer's guide to VHDL},
  author={Ashenden, Peter J},
  volume={3},
  year={2010},
  publisher={Morgan Kaufmann}
}

@book{navabi1997vhdl,
  title={VHDL: Analysis and modeling of digital systems},
  author={Navabi, Zainalabedin},
  year={1997},
  publisher={McGraw-Hill, Inc.}
}

@book{palnitkar2003verilog,
  title={Verilog HDL: a guide to digital design and synthesis},
  author={Palnitkar, Samir},
  volume={1},
  year={2003},
  publisher={Prentice Hall Professional}
}

@inproceedings{munshi2009opencl,
  title={The opencl specification},
  author={Munshi, Aaftab},
  booktitle={Hot Chips 21 Symposium (HCS), 2009 IEEE},
  pages={1--314},
  year={2009},
  organization={IEEE}
}

@incollection{pell2013maximum,
  title={Maximum performance computing with dataflow engines},
  author={Pell, Oliver and Mencer, Oskar and Tsoi, Kuen Hung and Luk, Wayne},
  booktitle={High-Performance Computing Using FPGAs},
  pages={747--774},
  year={2013},
  publisher={Springer}
}

@inproceedings{gan2013accelerating,
  title={Accelerating solvers for global atmospheric equations through mixed-precision data flow engine},
  author={Gan, Lin and Fu, Haohuan and Luk, Wayne and Yang, Chao and Xue, Wei and Huang, Xiaomeng and Zhang, Youhui and Yang, Guangwen},
  booktitle={Field Programmable Logic and Applications (FPL), 2013 23rd International Conference on},
  pages={1--6},
  year={2013},
  organization={IEEE}
}

@inproceedings{gan2014highly,
  title={A highly-efficient and green data flow engine for solving euler atmospheric equations},
  author={Gan, Lin and Fu, Haohuan and Yang, Chao and Luk, Wayne and Xue, Wei and Mencer, Oskar and Huang, Xiaomeng and Yang, Guangwen},
  booktitle={Field Programmable Logic and Applications (FPL), 2014 24th International Conference on},
  pages={1--6},
  year={2014},
  organization={IEEE}
}

@inproceedings{benkrid2002design,
  title={Design and implementation of a 2D convolution core for video applications on FPGAs},
  author={Benkrid, Khaled and Belkacemi, Samir},
  booktitle={Digital and Computational Video, 2002. DCV 2002. Proceedings. Third International Workshop on},
  pages={85--92},
  year={2002},
  organization={IEEE}
}

@inproceedings{cardells2005area,
  title={Area-efficient 2-D shift-variant convolvers for FPGA-based digital image processing},
  author={Cardells-Tormo, Francisco and Molinet, P-L},
  booktitle={Signal Processing Systems Design and Implementation, 2005. IEEE Workshop on},
  pages={209--213},
  year={2005},
  organization={IEEE}
}

@article{zhang2007multiwindow,
  title={A multiwindow partial buffering scheme for FPGA-based 2-D convolvers},
  author={Zhang, Hui and Xia, Mingxin and Hu, Guangshu},
  journal={IEEE Transactions on Circuits and Systems II: Express Briefs},
  volume={54},
  number={2},
  pages={200--204},
  year={2007},
  publisher={IEEE}
}

@inproceedings{farabet2009cnp,
  title={Cnp: An fpga-based processor for convolutional networks},
  author={Farabet, Cl{\'e}ment and Poulet, Cyril and Han, Jefferson Y and LeCun, Yann},
  booktitle={Field Programmable Logic and Applications, 2009. FPL 2009. International Conference on},
  pages={32--37},
  year={2009},
  organization={IEEE}
}

@inproceedings{sankaradas2009massively,
  title={A massively parallel coprocessor for convolutional neural networks},
  author={Sankaradas, Murugan and Jakkula, Venkata and Cadambi, Srihari and Chakradhar, Srimat and Durdanovic, Igor and Cosatto, Eric and Graf, Hans Peter},
  booktitle={Application-specific Systems, Architectures and Processors, 2009. ASAP 2009. 20th IEEE International Conference on},
  pages={53--60},
  year={2009},
  organization={IEEE}
}

@inproceedings{cadambi2010programmable,
  title={A programmable parallel accelerator for learning and classification},
  author={Cadambi, Srihari and Majumdar, Abhinandan and Becchi, Michela and Chakradhar, Srimat and Graf, Hans Peter},
  booktitle={Proceedings of the 19th international conference on Parallel architectures and compilation techniques},
  pages={273--284},
  year={2010},
  organization={ACM}
}

@inproceedings{chakradhar2010dynamically,
  title={A dynamically configurable coprocessor for convolutional neural networks},
  author={Chakradhar, Srimat and Sankaradas, Murugan and Jakkula, Venkata and Cadambi, Srihari},
  booktitle={ACM SIGARCH Computer Architecture News},
  volume={38},
  number={3},
  pages={247--257},
  year={2010},
  organization={ACM}
}

@inproceedings{peemen2013memory,
  title={Memory-centric accelerator design for convolutional neural networks},
  author={Peemen, Maurice and Setio, Arnaud AA and Mesman, Bart and Corporaal, Henk},
  booktitle={Computer Design (ICCD), 2013 IEEE 31st International Conference on},
  pages={13--19},
  year={2013},
  organization={IEEE}
}

@inproceedings{zhang2015optimizing,
  title={Optimizing fpga-based accelerator design for deep convolutional neural networks},
  author={Zhang, Chen and Li, Peng and Sun, Guangyu and Guan, Yijin and Xiao, Bingjun and Cong, Jason},
  booktitle={Proceedings of the 2015 ACM/SIGDA International Symposium on Field-Programmable Gate Arrays},
  pages={161--170},
  year={2015},
  organization={ACM}
}

@article{ovtcharov2015accelerating,
  title={Accelerating deep convolutional neural networks using specialized hardware},
  author={Ovtcharov, Kalin and Ruwase, Olatunji and Kim, Joo-Young and Fowers, Jeremy and Strauss, Karin and Chung, Eric S},
  journal={Microsoft Research Whitepaper},
  volume={2},
  number={11},
  year={2015}
}

@inproceedings{qiu2016going,
  title={Going deeper with embedded fpga platform for convolutional neural network},
  author={Qiu, Jiantao and Wang, Jie and Yao, Song and Guo, Kaiyuan and Li, Boxun and Zhou, Erjin and Yu, Jincheng and Tang, Tianqi and Xu, Ningyi and Song, Sen and others},
  booktitle={Proceedings of the 2016 ACM/SIGDA International Symposium on Field-Programmable Gate Arrays},
  pages={26--35},
  year={2016},
  organization={ACM}
}

@book{jeffers2016intel,
  title={Intel Xeon Phi Processor High Performance Programming: Knights Landing Edition},
  author={Jeffers, James and Reinders, James and Sodani, Avinash},
  year={2016},
  publisher={Morgan Kaufmann}
}

@article{xue2015ultra,
  title={Ultra-scalable CPU-MIC acceleration of mesoscale atmospheric modeling on Tianhe-2},
  author={Xue, Wei and Yang, Chao and Fu, Haohuan and Wang, Xinliang and Xu, Yangtong and Liao, Junfeng and Gan, Lin and Lu, Yutong and Ranjan, Rajiv and Wang, Lizhe},
  journal={IEEE Transactions on Computers},
  volume={64},
  number={8},
  pages={2382--2393},
  year={2015},
  publisher={IEEE}
}

@inproceedings{heinecke2014petascale,
  title={Petascale high order dynamic rupture earthquake simulations on heterogeneous supercomputers},
  author={Heinecke, Alexander and Breuer, Alexander and Rettenberger, Sebastian and Bader, Michael and Gabriel, Alice-Agnes and Pelties, Christian and Bode, Arndt and Barth, William and Liao, Xiang-Ke and Vaidyanathan, Karthikeyan and others},
  booktitle={Proceedings of the International Conference for High Performance Computing, Networking, Storage and Analysis},
  pages={3--14},
  year={2014},
  organization={IEEE Press}
}

@inproceedings{bedorf201424,
  title={24.77 Pflops on a gravitational tree-code to simulate the Milky Way Galaxy with 18600 GPUs},
  author={B{\'e}dorf, Jeroen and Gaburov, Evghenii and Fujii, Michiko S and Nitadori, Keigo and Ishiyama, Tomoaki and Zwart, Simon Portegies},
  booktitle={Proceedings of the International Conference for High Performance Computing, Networking, Storage and Analysis},
  pages={54--65},
  year={2014},
  organization={IEEE Press}
}

@inproceedings{chen2008gpu,
  title={GPU-MEME: Using graphics hardware to accelerate motif finding in DNA sequences},
  author={Chen, Chen and Schmidt, Bertil and Weiguo, Liu and M{\"u}ller-Wittig, Wolfgang},
  booktitle={IAPR International Conference on Pattern Recognition in Bioinformatics},
  pages={448--459},
  year={2008},
  organization={Springer}
}

@inproceedings{tumeo2010accelerating,
  title={Accelerating DNA analysis applications on GPU clusters},
  author={Tumeo, Antonino and Villa, Oreste},
  booktitle={Application Specific Processors (SASP), 2010 IEEE 8th Symposium on},
  pages={71--76},
  year={2010},
  organization={IEEE}
}

@article{kampolis2010cfd,
  title={CFD-based analysis and two-level aerodynamic optimization on graphics processing units},
  author={Kampolis, IC and Trompoukis, XS and Asouti, VG and Giannakoglou, KC},
  journal={Computer Methods in Applied Mechanics and Engineering},
  volume={199},
  number={9},
  pages={712--722},
  year={2010},
  publisher={Elsevier}
}

@inproceedings{habib2012universe,
  title={The universe at extreme scale: multi-petaflop sky simulation on the BG/Q},
  author={Habib, Salman and Morozov, Vitali and Finkel, Hal and Pope, Adrian and Heitmann, Katrin and Kumaran, Kalyan and Peterka, Tom and Insley, Joe and Daniel, David and Fasel, Patricia and others},
  booktitle={Proceedings of the International Conference on High Performance Computing, Networking, Storage and Analysis},
  pages={4},
  year={2012},
  organization={IEEE Computer Society Press}
}

@article{ariga2014fast,
  title={Fast 4$\pi$ track reconstruction in nuclear emulsion detectors based on GPU technology},
  author={Ariga, A and Ariga, T},
  journal={Journal of Instrumentation},
  volume={9},
  number={04},
  pages={P04002},
  year={2014},
  publisher={IOP Publishing}
}

@inproceedings{fronckowiak2009using,
  title={Using GPU convolutions to correct optical distortion in closed-loop real-time missile simulations},
  author={Fronckowiak Jr, Thomas},
  booktitle={SPIE Defense, Security, and Sensing},
  pages={73010C--73010C},
  year={2009},
  organization={International Society for Optics and Photonics}
}

@inproceedings{fu2016refactoring,
  title={Refactoring and optimizing the community atmosphere model (CAM) on the sunway taihulight supercomputer},
  author={Fu, Haohuan and Liao, Junfeng and Xue, Wei and Wang, Lanning and Chen, Dexun and Gu, Long and Xu, Jinxiu and Ding, Nan and Wang, Xinliang and He, Conghui and others},
  booktitle={High Performance Computing, Networking, Storage and Analysis, SC16: International Conference for},
  pages={969--980},
  year={2016},
  organization={IEEE}
}

@inproceedings{yang201610m,
  title={10M-core scalable fully-implicit solver for nonhydrostatic atmospheric dynamics},
  author={Yang, Chao and Xue, Wei and Fu, Haohuan and You, Hongtao and Wang, Xinliang and Ao, Yulong and Liu, Fangfang and Gan, Lin and Xu, Ping and Wang, Lanning and others},
  booktitle={Proceedings of the International Conference for High Performance Computing, Networking, Storage and Analysis},
  pages={6},
  year={2016},
  organization={IEEE Press}
}


@inproceedings{qiao2016highly,
  title={A highly effective global surface wave numerical simulation with ultra-high resolution},
  author={Qiao, Fangli and Zhao, Wei and Yin, Xunqiang and Huang, Xiaomeng and Liu, Xin and Shu, Qi and Wang, Guansuo and Song, Zhenya and Li, Xinfang and Liu, Haixing and others},
  booktitle={High Performance Computing, Networking, Storage and Analysis, SC16: International Conference for},
  pages={46--56},
  year={2016},
  organization={IEEE}
}

@inproceedings{zhang2016extreme,
  title={Extreme-scale phase field simulations of coarsening dynamics on the sunway taihulight supercomputer},
  author={Zhang, Jian and Zhou, Chunbao and Wang, Yangang and Ju, Lili and Du, Qiang and Chi, Xuebin and Xu, Dongsheng and Chen, Dexun and Liu, Yong and Liu, Zhao},
  booktitle={Proceedings of the International Conference for High Performance Computing, Networking, Storage and Analysis},
  pages={4},
  year={2016},
  organization={IEEE Press}
}

@inproceedings{jia2014caffe,
  title={Caffe: Convolutional architecture for fast feature embedding},
  author={Jia, Yangqing and Shelhamer, Evan and Donahue, Jeff and Karayev, Sergey and Long, Jonathan and Girshick, Ross and Guadarrama, Sergio and Darrell, Trevor},
  booktitle={Proceedings of the 22nd ACM international conference on Multimedia},
  pages={675--678},
  year={2014},
  organization={ACM}
}

@article{mathieu2013fast,
  title={Fast training of convolutional networks through ffts},
  author={Mathieu, Michael and Henaff, Mikael and LeCun, Yann},
  journal={arXiv preprint arXiv:1312.5851},
  year={2013}
}

@article{vasilache2014fast,
  title={Fast convolutional nets with fbfft: A GPU performance evaluation},
  author={Vasilache, Nicolas and Johnson, Jeff and Mathieu, Michael and Chintala, Soumith and Piantino, Serkan and LeCun, Yann},
  journal={arXiv preprint arXiv:1412.7580},
  year={2014}
}

@article{chetlur2014cudnn,
  title={cudnn: Efficient primitives for deep learning},
  author={Chetlur, Sharan and Woolley, Cliff and Vandermersch, Philippe and Cohen, Jonathan and Tran, John and Catanzaro, Bryan and Shelhamer, Evan},
  journal={arXiv preprint arXiv:1410.0759},
  year={2014}
}

@article{abadi2016tensorflow,
  title={Tensorflow: Large-scale machine learning on heterogeneous distributed systems},
  author={Abadi, Mart{\'\i}n and Agarwal, Ashish and Barham, Paul and Brevdo, Eugene and Chen, Zhifeng and Citro, Craig and Corrado, Greg S and Davis, Andy and Dean, Jeffrey and Devin, Matthieu and others},
  journal={arXiv preprint arXiv:1603.04467},
  year={2016}
}

@article{chen2015mxnet,
  title={Mxnet: A flexible and efficient machine learning library for heterogeneous distributed systems},
  author={Chen, Tianqi and Li, Mu and Li, Yutian and Lin, Min and Wang, Naiyan and Wang, Minjie and Xiao, Tianjun and Xu, Bing and Zhang, Chiyuan and Zhang, Zheng},
  journal={arXiv preprint arXiv:1512.01274},
  year={2015}
}

@inproceedings{dean2012large,
  title={Large scale distributed deep networks},
  author={Dean, Jeffrey and Corrado, Greg and Monga, Rajat and Chen, Kai and Devin, Matthieu and Mao, Mark and Senior, Andrew and Tucker, Paul and Yang, Ke and Le, Quoc V and others},
  booktitle={Advances in neural information processing systems},
  pages={1223--1231},
  year={2012}
}

@inproceedings{li2014scaling,
  title={Scaling Distributed Machine Learning with the Parameter Server.},
  author={Li, Mu and Andersen, David G and Park, Jun Woo and Smola, Alexander J and Ahmed, Amr and Josifovski, Vanja and Long, James and Shekita, Eugene J and Su, Bor-Yiing},
  booktitle={OSDI},
  volume={14},
  pages={583--598},
  year={2014}
}

@article{wu2015deep,
  title={Deep image: Scaling up image recognition},
  author={Wu, Ren and Yan, Shengen and Shan, Yi and Dang, Qingqing and Sun, Gang},
  journal={arXiv preprint arXiv:1501.02876},
  volume={7},
  number={8},
  year={2015},
  publisher={CoRR}
}

@article{amodei2015deep,
  title={Deep speech 2: End-to-end speech recognition in english and mandarin},
  author={Amodei, Dario and Anubhai, Rishita and Battenberg, Eric and Case, Carl and Casper, Jared and Catanzaro, Bryan and Chen, Jingdong and Chrzanowski, Mike and Coates, Adam and Diamos, Greg and others},
  journal={arXiv preprint arXiv:1512.02595},
  year={2015}
}




%chapter 3

@article{flynn1972some,
  title={Some computer organizations and their effectiveness},
  author={Flynn, Michael J},
  journal={IEEE transactions on computers},
  volume={100},
  number={9},
  pages={948--960},
  year={1972},
  publisher={IEEE}
}



@article{lindtjorn2011beyond,
  title={Beyond traditional microprocessors for geoscience high-performance computing applications},
  author={Lindtjorn, Olav and Clapp, Robert and Pell, Oliver and Fu, Haohuan and Flynn, Michael and Mencer, Oskar},
  journal={Ieee Micro},
  volume={31},
  number={2},
  pages={41--49},
  year={2011},
  publisher={IEEE}
}

@inproceedings{jarrett2009best,
  title={What is the best multi-stage architecture for object recognition?},
  author={Jarrett, Kevin and Kavukcuoglu, Koray and LeCun, Yann and others},
  booktitle={Computer Vision, 2009 IEEE 12th International Conference on},
  pages={2146--2153},
  year={2009},
  organization={IEEE}
}

@inproceedings{glorot2011deep,
  title={Deep Sparse Rectifier Neural Networks.},
  author={Glorot, Xavier and Bordes, Antoine and Bengio, Yoshua},
  booktitle={Aistats},
  volume={15},
  number={106},
  pages={275},
  year={2011}
}

@inproceedings{matam2013energy,
  title={Energy-efficient large-scale matrix multiplication on FPGAs},
  author={Matam, Kiran Kumar and Prasanna, Viktor K},
  booktitle={Reconfigurable Computing and FPGAs (ReConFig), 2013 International Conference on},
  pages={1--8},
  year={2013},
  organization={IEEE}
}

@inproceedings{kung1979systolic,
  title={Systolic arrays (for VLSI)},
  author={Kung, HT and Leiserson, Charles E},
  booktitle={Sparse Matrix Proceedings 1978},
  volume={1},
  pages={256--282},
  year={1979},
  organization={Society for Industrial and Applied Mathematics}
}

@inproceedings{chakradhar2010dynamically,
  title={A dynamically configurable coprocessor for convolutional neural networks},
  author={Chakradhar, Srimat and Sankaradas, Murugan and Jakkula, Venkata and Cadambi, Srihari},
  booktitle={ACM SIGARCH Computer Architecture News},
  volume={38},
  number={3},
  pages={247--257},
  year={2010},
  organization={ACM}
}

@article{dicecco2016caffeinated,
  title={Caffeinated FPGAs: FPGA Framework For Convolutional Neural Networks},
  author={DiCecco, Roberto and Lacey, Griffin and Vasiljevic, Jasmina and Chow, Paul and Taylor, Graham and Areibi, Shawki},
  journal={arXiv preprint arXiv:1609.09671},
  year={2016}
}

@inproceedings{suda2016throughput,
  title={Throughput-optimized OpenCL-based FPGA accelerator for large-scale convolutional neural networks},
  author={Suda, Naveen and Chandra, Vikas and Dasika, Ganesh and Mohanty, Abinash and Ma, Yufei and Vrudhula, Sarma and Seo, Jae-sun and Cao, Yu},
  booktitle={Proceedings of the 2016 ACM/SIGDA International Symposium on Field-Programmable Gate Arrays},
  pages={16--25},
  year={2016},
  organization={ACM}
}

@article{einkemmer2017evaluation,
  title={Evaluation of the Intel Xeon Phi 7120 and NVIDIA K80 as accelerators for two-dimensional panel codes},
  author={Einkemmer, Lukas},
  journal={PloS one},
  volume={12},
  number={6},
  pages={e0178156},
  year={2017},
  publisher={Public Library of Science}
}
@article{sodani2016knights,
  title={Knights landing: Second-generation intel xeon phi product},
  author={Sodani, Avinash and Gramunt, Roger and Corbal, Jesus and Kim, Ho-Seop and Vinod, Krishna and Chinthamani, Sundaram and Hutsell, Steven and Agarwal, Rajat and Liu, Yen-Chen},
  journal={Ieee micro},
  volume={36},
  number={2},
  pages={34--46},
  year={2016},
  publisher={IEEE}
}
@inproceedings{fu201718,
  title={18.9-Pflops nonlinear earthquake simulation on Sunway TaihuLight: enabling depiction of 18-Hz and 8-meter scenarios},
  author={Fu, Haohuan and He, Conghui and Chen, Bingwei and Yin, Zekun and Zhang, Zhenguo and Zhang, Wenqiang and Zhang, Tingjian and Xue, Wei and Liu, Weiguo and Yin, Wanwang and others},
  booktitle={Proceedings of the International Conference for High Performance Computing, Networking, Storage and Analysis},
  pages={2},
  year={2017},
  organization={ACM}
}
@inproceedings{fang2017swdnn,
  title={swDNN: A Library for Accelerating Deep Learning Applications on Sunway TaihuLight},
  author={Fang, Jiarui and Fu, Haohuan and Zhao, Wenlai and Chen, Bingwei and Zheng, Weijie and Yang, Guangwen},
  booktitle={Parallel and Distributed Processing Symposium (IPDPS), 2017 IEEE International},
  pages={615--624},
  year={2017},
  organization={IEEE}
}
@article{chen2006glueball,
  title={Glueball spectrum and matrix elements on anisotropic lattices},
  author={Chen, Yanbei and Alexandru, Andrei and Dong, Shao-Jing and Draper, Terrence and Horv{\'a}th, Ivan and Lee, Frank X and Liu, KF and Mathur, Nilmani and Morningstar, C and Peardon, M and others},
  journal={Physical Review D},
  volume={73},
  number={1},
  pages={014516},
  year={2006},
  publisher={APS}
}
@article{bozdag2010specfem3d_globe,
  title={SPECFEM3D\_GLOBE user manual, computational infrastructure for geodynamics},
  author={Bozdag, E and Chen, M and Hjorleifsdottir, V and Komatitsch, D and Liu, Q and Meschede, M and Michea, D and Peter, D and Savage, B and Schuberth, B and others},
  journal={Princeton University, California Institute of Technology and University of Pau/CNRS/INRIA, France Google Scholar},
  year={2010}
}
@article{godel2010scalability,
  title={Scalability of higher-order discontinuous Galerkin FEM computations for solving electromagnetic wave propagation problems on GPU clusters},
  author={Godel, Nico and Nunn, Nigel and Warburton, Tim and Clemens, Markus},
  journal={IEEE Transactions on Magnetics},
  volume={46},
  number={8},
  pages={3469--3472},
  year={2010},
  publisher={IEEE}
}
@article{geradin1983implicit,
  title={Implicit finite element methods},
  author={Geradin, M and Hogge, M and Idelsohn, S},
  journal={Computational methods for transient analysis(A 84-29160 12-64). Amsterdam, North-Holland, 1983,},
  pages={417--471},
  year={1983}
}
@inproceedings{yokokawa2011k,
  title={The K computer: Japanese next-generation supercomputer development project},
  author={Yokokawa, Mitsuo and Shoji, Fumiyoshi and Uno, Atsuya and Kurokawa, Motoyoshi and Watanabe, Tadashi},
  booktitle={Proceedings of the 17th IEEE/ACM international symposium on Low-power electronics and design},
  pages={371--372},
  year={2011},
  organization={IEEE Press}
}
@inproceedings{adiga2002overview,
  title={An overview of the BlueGene/L supercomputer},
  author={Adiga, Narasimha R and Alm{\'a}si, George and Almasi, George S and Aridor, Y and Barik, Rajkishore and Beece, D and Bellofatto, R and Bhanot, G and Bickford, R and Blumrich, M and others},
  booktitle={Supercomputing, ACM/IEEE 2002 Conference},
  pages={60--60},
  year={2002},
  organization={IEEE}
}
@online{awpodc,
  author =      {San Diego Supercomputer Center},
  title =       {Anelastic Wave Propagation (AWP-ODC)},
  citedate =    {2018-03-08},
  url =         {http://hpgeoc.sdsc.edu/AWPODC/},
}
@book{yilmaz2001seismic,
  title={Seismic data analysis},
  author={Yilmaz, {\"O}zdo{\u{g}}an},
  volume={1},
  year={2001},
  publisher={Society of Exploration Geophysicists Tulsa}
}
@article{rickett2002offset,
  title={Offset and angle-domain common image-point gathers for shot-profile migration},
  author={Rickett, James E and Sava, Paul C},
  journal={Geophysics},
  volume={67},
  number={3},
  pages={883--889},
  year={2002},
  publisher={Society of Exploration Geophysicists}
}
@article{zhang2005theory,
  title={Theory of true-amplitude one-way wave equations and true-amplitude common-shot migration},
  author={Zhang, Yu and Zhang, Guanquan and Bleistein, Norman},
  journal={Geophysics},
  volume={70},
  number={4},
  pages={E1--E10},
  year={2005},
  publisher={Society of Exploration Geophysicists}
}
@inproceedings{he2015gpu,
  title={A GPU-based Parallel Beam Migration Design},
  author={He, Conghui and Fu, Haohuan and Liu, Bangtian and Ruan, Huabin and Yang, Guangwen and Yang, Hui and Osen, Are and others},
  booktitle={2015 SEG Annual Meeting},
  year={2015},
  organization={Society of Exploration Geophysicists}
}
@article{sun20003,
  title={3-D prestack Kirchhoff beam migration for depth imaging},
  author={Sun, Yonghe and Qin, Fuhao and Checkles, Steve and Leveille, Jacques P},
  journal={Geophysics},
  volume={65},
  number={5},
  pages={1592--1603},
  year={2000},
  publisher={Society of Exploration Geophysicists}
}
@article{baysal1983reverse,
  title={Reverse time migration},
  author={Baysal, Edip and Kosloff, Dan D and Sherwood, John WC},
  journal={Geophysics},
  volume={48},
  number={11},
  pages={1514--1524},
  year={1983},
  publisher={Society of Exploration Geophysicists}
}
@inproceedings{you2013accelerating,
  title={Accelerating the 3D elastic wave forward modeling on GPU and MIC},
  author={You, Yang and Fu, Haohuan and Huang, Xiaomeng and Song, Guojie and Gan, Lin and Yu, Wenjian and Yang, Guangwen},
  booktitle={Parallel and Distributed Processing Symposium Workshops \& PhD Forum (IPDPSW), 2013 IEEE 27th International},
  pages={1088--1096},
  year={2013},
  organization={IEEE}
}
@article{xiong2012self,
  title={Self-improving anode for lithium-ion batteries based on amorphous to cubic phase transition in TiO2 nanotubes},
  author={Xiong, Hui and Yildirim, Handan and Shevchenko, Elena V and Prakapenka, Vitali B and Koo, Bonil and Slater, Michael D and Balasubramanian, Mahalingam and Sankaranarayanan, Subramanian KRS and Greeley, Jeffrey P and Tepavcevic, Sanja and others},
  journal={The Journal of Physical Chemistry C},
  volume={116},
  number={4},
  pages={3181--3187},
  year={2012},
  publisher={ACS Publications}
}
@inproceedings{reynolds2003aircraft,
  title={Aircraft gas turbine engine simulations},
  author={Reynolds, William and Alonso, Juan and Fatica, Massimiliano},
  booktitle={16th AIAA Computational Fluid Dynamics Conference},
  pages={3698},
  year={2003}
}
@online{Unilever,
  author =      {{Unilever, Inc.}},
  title =       {Accelerating the product discovery process at Unilever},
  citedate =    {2018-03-18},
  url =         {http://www.stfc.ac.uk/innovation/success-stories/accelerating-the-product-discovery-process-at-unilever/},
}

@online{XSEDE,
  author =      {{XSEDE}},
  title =       {Extreme Science and Engineering Discovery Environment},
  citedate =    {2018-03-18},
  url =         {https://www.xsede.org/},
}

@online{PRACE,
  author =      {{PRACE}},
  title =       {Partnership for Advanced Computing in Europe},
  citedate =    {2018-03-18},
  url =         {http://www.prace-ri.eu/},
}
@inproceedings{luo2007hpc,
  title={HPC and the technical progress of the exploration seismic data processing},
  author={Luo, Guoan and Xu, Hui},
  booktitle={Proceedings of the 2007 Asian technology information program's (ATIP's) 3rd workshop on High performance computing in China: solution approaches to impediments for high performance computing},
  pages={43--50},
  year={2007},
  organization={ACM}
}

@online{top5002015,
  author =      {top500},
  title =       {TOP 10 Sites for November 2005},
  citedate =    {2018-03-18},
  url =         {https://www.top500.org/lists/2005/11/},
}
@article{russell1978cray,
  title={The CRAY-1 computer system},
  author={Russell, Richard M},
  journal={Communications of the ACM},
  volume={21},
  number={1},
  pages={63--72},
  year={1978},
  publisher={ACM}
}

@article{anderson1967ibm,
  title={The IBM System/360 model 91: Machine philosophy and instruction-handling},
  author={Anderson, DW and Sparacio, FJ and Tomasulo, Robert M},
  journal={IBM Journal of Research and Development},
  volume={11},
  number={1},
  pages={8--24},
  year={1967},
  publisher={IBM}
}

@inproceedings{adiga2002overview,
  title={An overview of the BlueGene/L supercomputer},
  author={Adiga, Narasimha R and Alm{\'a}si, George and Almasi, George S and Aridor, Y and Barik, Rajkishore and Beece, D and Bellofatto, R and Bhanot, G and Bickford, R and Blumrich, M and others},
  booktitle={Supercomputing, ACM/IEEE 2002 Conference},
  pages={60--60},
  year={2002},
  organization={IEEE}
}
@article{kay2015community,
  title={The Community Earth System Model (CESM) large ensemble project: A community resource for studying climate change in the presence of internal climate variability},
  author={Kay, JE and Deser, C and Phillips, A and Mai, A and Hannay, C and Strand, G and Arblaster, JM and Bates, SC and Danabasoglu, G and Edwards, J and others},
  journal={Bulletin of the American Meteorological Society},
  volume={96},
  number={8},
  pages={1333--1349},
  year={2015}
}
@online{地震,
  author =      {百度百科},
  title =       {地震 （自然现象）},
  citedate =    {2018-03-18},
  url =         {https://baike.baidu.com/},
}
@online{地震勘探,
  author =      {百度百科},
  title =       {地震勘探},
  citedate =    {2018-03-18},
  url =         {https://baike.baidu.com/item/%E5%9C%B0%E9%9C%87%E5%8B%98%E6%8E%A2},
}

@online{地震局,
  author =      {中国地震局},
  title =       {我国地震灾情有什么特点},
  citedate =    {2018-03-18},
  url =         {http://www.cea.gov.cn},
}
